uniqueident,categorypath,quantity,title,product_id,baseprice,site_store_product_id,pagenumber,html_price,itemrank,price,sweepid,product_id_hash,imagelinkmessage,document_id_hash,createdon,currency,site_store_product_id_hash,site_product_id_hash,scraper_site_url_id,store_id,document_id,sitename,merge_key,site_product_id,categoryurl,pricecut,offerdate,price_withoutoffer,
24874_Lidlfr_promo_2342_14499,Nos offres/Mercredi 18/02|USA/Mercredi 18/02,420/438/450 g au choix,Crème glacée,24874_Lidlfr_promo,1 kg = 6.40 €,24874_Lidlfr_promo_2342,3,<strong class="price pricebutton" style="                color:#d83b30;            "> € 2.69  420/438/450 g au choix  1 kg = 6.40 €,11,2.69,14499,25F31E71CA324FAAB35CDF368E58A90F,Crème glacée,A8BCFC9A381808503A02183C3F745A29,18/02/2015 13:40:15,€,9EC764BF50F6DD8FE32641C4B3B667D1,AA08CAA980FEA246EBCFF950B4EAE2E7,653,2342,24874_Lidlfr_promo_2342_14499,Lidl.fr_promo,24874_Lidlfr_promo,24874,http://www.Lidl.fr/fr/offres-513.htm?id=591,,,,
24876_Lidlfr_promo_2342_14499,Nos offres/Mercredi 18/02|USA/Mercredi 18/02,200 g,Préparation pour pancakes,24876_Lidlfr_promo,1 kg = 6.45 €,24876_Lidlfr_promo_2342,3,<strong class="price pricebutton" style="                color:#d83b30;            "> € 1.29  200 g  1 kg = 6.45 €,12,1.29,14499,15760803F05A86F2F782709737225DAD,Préparation pour pancakes,A550EFB2E70B8D90BC25BB896C924665,18/02/2015 13:40:16,€,546E560335945916AE9F4F2C00FE0789,E04F87E54CA47E7AAC0FDE5F55A2B928,653,2342,24876_Lidlfr_promo_2342_14499,Lidl.fr_promo,24876_Lidlfr_promo,24876,http://www.Lidl.fr/fr/offres-513.htm?id=591,,,,
24870_Lidlfr_promo_2342_14499,Nos offres/Mercredi 18/02|USA/Mercredi 18/02,400 g (PNE),Cornichons tranchés,24870_Lidlfr_promo,1 kg = 3.73 €,24870_Lidlfr_promo_2342,3,<strong class="price pricebutton" style="                color:#d83b30;            "> € 1.49  400 g (PNE)  1 kg = 3.73 €,5,1.49,14499,FCF74CCD0088FF5C7A1AD530C219490E,Cornichons tranchés,0E1B2C2B3A0AEAE4E427393AB8FAD811,18/02/2015 13:40:14,€,0EF8F23D1510F228B443F7278252553D,8AC8AB5790BE587836C18B1E2184BAC0,653,2342,24870_Lidlfr_promo_2342_14499,Lidl.fr_promo,24870_Lidlfr_promo,24870,http://www.Lidl.fr/fr/offres-513.htm?id=591,,,,
24872_Lidlfr_promo_2342_14499,Nos offres/Mercredi 18/02|USA/Mercredi 18/02,500 g au choix,Spare ribs (travers de porc),24872_Lidlfr_promo,1 kg = 6.98 €,24872_Lidlfr_promo_2342,3,<strong class="price pricebutton" style="                color:#d83b30;            "> € 3.49  500 g au choix  1 kg = 6.98 €,7,3.49,14499,A11AFA0709EF52CB0023DF67674C7578,Spare ribs (travers de porc),1479FDC1D715E50BF025AE24FDFC111C,18/02/2015 13:40:14,€,3C4CC87F94B5F4E3A703E97D44F4517C,B6E61F3A46000AF53590F293DCF35C20,653,2342,24872_Lidlfr_promo_2342_14499,Lidl.fr_promo,24872_Lidlfr_promo,24872,http://www.Lidl.fr/fr/offres-513.htm?id=591,,,,
24867_Lidlfr_promo_2342_14499,Nos offres/Mercredi 18/02|USA/Mercredi 18/02,200 g,Chips goût barbecue,24867_Lidlfr_promo,1 kg = 4.95 €,24867_Lidlfr_promo_2342,3,<strong class="price pricebutton" style="                color:#d83b30;            "> € 0.99  200 g  1 kg = 4.95 €,2,0.99,14499,324158FC1BEF0BE782A8BD32B13CEDB7,Chips goût barbecue,DDF5C3253DA765D3F829FCED0D26F411,18/02/2015 13:40:13,€,76BB4F2E31C1D85A3CE1D80EA3931A60,CBEC56EA8D7B1D9787F7C1297488C798,653,2342,24867_Lidlfr_promo_2342_14499,Lidl.fr_promo,24867_Lidlfr_promo,24867,http://www.Lidl.fr/fr/offres-513.htm?id=591,,,,
24869_Lidlfr_promo_2342_14499,Nos offres/Mercredi 18/02|USA/Mercredi 18/02,480/490/500 ml au choix,Sauce,24869_Lidlfr_promo,1 L = 3.10 €,24869_Lidlfr_promo_2342,3,<strong class="price pricebutton" style="                color:#d83b30;            "> € 1.49  480/490/500 ml au choix  1 L = 3.10 €,4,1.49,14499,287B805F7C2564A1070061BB00695E79,Sauce,CB59E6353CA57BE45DB3C277DB486E7C,18/02/2015 13:40:13,€,1C2A404527AE2D5855A32864B86E01E5,CEC819FA603E0B3F17E6AEAF4A6E6890,653,2342,24869_Lidlfr_promo_2342_14499,Lidl.fr_promo,24869_Lidlfr_promo,24869,http://www.Lidl.fr/fr/offres-513.htm?id=591,,,,
24766_Lidlfr_promo_2342_14499,Nos offres/Lundi 16/02|Auto/Moto/Lundi 16/02,La paire au choix,Chaussettes de moto,24766_Lidlfr_promo,,24766_Lidlfr_promo_2342,2,<strong class="price pricebutton" style="                color:#f17230;            "> € 2.99  La paire au choix,11,2.99,14499,A2818279F29CBA4AF8201613E3A799C2,Chaussettes de moto,868D6C191F30713D8EB8E231E8DE73AD,18/02/2015 13:40:09,€,0CC316E4612E698D220AB615D7ABD0A7,4527D8D0B1692F0BFD2480464BB20457,653,2342,24766_Lidlfr_promo_2342_14499,Lidl.fr_promo,24766_Lidlfr_promo,24766,http://www.Lidl.fr/fr/offres-513.htm?id=589,,,,
24768_Lidlfr_promo_2342_14499,Nos offres/Lundi 16/02|Auto/Moto/Lundi 16/02,L'unité,Galerie porte-bagages en aluminium,24768_Lidlfr_promo,,24768_Lidlfr_promo_2342,2,<strong class="price pricebutton" style="                color:#f17230;            "> € 34.99  L'unité,13,34.99,14499,11FA63F75DCEF42480C4D81334E39F12,Galerie porte-bagages en aluminium,AB51EDA7BCF970194725A266B3329D2F,18/02/2015 13:40:09,€,E3E18DBBE007B3F9C9A609C6C584C980,B073CE3B662C38AB02C8FD02CE384A44,653,2342,24768_Lidlfr_promo_2342_14499,Lidl.fr_promo,24768_Lidlfr_promo,24768,http://www.Lidl.fr/fr/offres-513.htm?id=589,,,,
24757_Lidlfr_promo_2342_14499,Nos offres/Lundi 16/02|Auto/Moto/Lundi 16/02,L'unité au choix,Maillot technique de moto homme,24757_Lidlfr_promo,,24757_Lidlfr_promo_2342,2,<strong class="price pricebutton" style="                color:#f17230;            "> € 14.99  L'unité au choix,3,14.99,14499,1B145E2EBDCB136FC00500E3C1174F8C,Maillot technique de moto homme,863FE3DEE6E5000795C5E7F0B5B6454A,18/02/2015 13:40:07,€,9A1254D5EA91666085AD847C2EE2EF18,8A4698917FE654CFB25A8BE97C24B4B3,653,2342,24757_Lidlfr_promo_2342_14499,Lidl.fr_promo,24757_Lidlfr_promo,24757,http://www.Lidl.fr/fr/offres-513.htm?id=589,,,,
24760_Lidlfr_promo_2342_14499,Nos offres/Lundi 16/02|Auto/Moto/Lundi 16/02,La paire,Gants de moto,24760_Lidlfr_promo,,24760_Lidlfr_promo_2342,2,<strong class="price pricebutton" style="                color:#f17230;            "> € 19.99  La paire,5,19.99,14499,72D518DF3D9FF3C968C86B14D54558D0,Gants de moto,027133A60C2D190900700D517C95620F,18/02/2015 13:40:07,€,F6E8F398C87DAFCEB441BA0642B5D52F,6B41F17ABD11BBC46176560B301A4E24,653,2342,24760_Lidlfr_promo_2342_14499,Lidl.fr_promo,24760_Lidlfr_promo,24760,http://www.Lidl.fr/fr/offres-513.htm?id=589,,,,
24762_Lidlfr_promo_2342_14499,Nos offres/Lundi 16/02|Auto/Moto/Lundi 16/02,L'unité,Cagoule moto,24762_Lidlfr_promo,,24762_Lidlfr_promo_2342,2,<strong class="price pricebutton" style="                color:#f17230;            "> € 4.99  L'unité,7,4.99,14499,551105CE5828048CAC5EA8A486AAE3C8,Cagoule moto,5DE4A8168CA9F6F61C0087B3B6FD0861,18/02/2015 13:40:08,€,E6FD68355554EFF622A2DE32E88D8D45,DCE4D150D598F12D9B87A16283857712,653,2342,24762_Lidlfr_promo_2342_14499,Lidl.fr_promo,24762_Lidlfr_promo,24762,http://www.Lidl.fr/fr/offres-513.htm?id=589,,,,
24764_Lidlfr_promo_2342_14499,Nos offres/Lundi 16/02|Auto/Moto/Lundi 16/02,L'unité,Ceinture lombaire,24764_Lidlfr_promo,,24764_Lidlfr_promo_2342,2,<strong class="price pricebutton" style="                color:#f17230;            "> € 4.99  L'unité,9,4.99,14499,DFEEA130B2B3DCA1D4D52EF9F2D4D9E3,Ceinture lombaire,59CBE02CE82587918DC2ACF562F62490,18/02/2015 13:40:08,€,036F2726799CFC42F6E3B58829C493BF,44B8B1B5C2C259DF31D9D9B0F53BE68B,653,2342,24764_Lidlfr_promo_2342_14499,Lidl.fr_promo,24764_Lidlfr_promo,24764,http://www.Lidl.fr/fr/offres-513.htm?id=589,,,,
24793_Lidlfr_promo_2342_14499,Nos offres/Lundi 16/02|Mode enfant/Lundi 16/02,Le lot au choix,2 tee-shirts manches longues fille ou garçon,24793_Lidlfr_promo,,24793_Lidlfr_promo_2342,1,<strong class="price pricebutton" style="                color:#ee73aa;            "> € 3.49  Le lot au choix,5,3.49,14499,FB812EBB66A20A4E8EF413A165C3593A,2 tee-shirts manches longues fille ou garçon,5C11CD6D7D869827D2CB16E80E007E14,18/02/2015 13:39:28,€,96AC6D62207281F9C17D8F799E3DCB8F,FDB2B215ACA454782C69BC1EE9A85D81,653,2342,24793_Lidlfr_promo_2342_14499,Lidl.fr_promo,24793_Lidlfr_promo,24793,http://www.Lidl.fr/fr/offres-513.htm?id=588,,,,
24755_Lidlfr_promo_2342_14499,Nos offres/Lundi 16/02|Auto/Moto/Lundi 16/02,L'unité au choix,Etui pour GPS ou manchons scooter,24755_Lidlfr_promo,,24755_Lidlfr_promo_2342,2,<strong class="price pricebutton" style="                color:#f17230;            "> € 9.99  L'unité au choix,1,9.99,14499,757DEF678AE091C9EC98E9F75972B931,Etui pour GPS ou manchons scooter,0D317D647C0F08FC178349F0E6DCEADD,18/02/2015 13:39:31,€,27202203DCF264A4D7ED3D7FA37FAD70,96BC82D11851FAD841C56BAC26D777A6,653,2342,24755_Lidlfr_promo_2342_14499,Lidl.fr_promo,24755_Lidlfr_promo,24755,http://www.Lidl.fr/fr/offres-513.htm?id=589,,,,
24878_Lidlfr_promo_2342_14499,Nos offres/Mercredi 18/02|USA/Mercredi 18/02,300 g,6 pancakes,24878_Lidlfr_promo,1 kg = 5.30 €,24878_Lidlfr_promo_2342,3,<strong class="price pricebutton" style="                color:#d83b30;            "> € 1.59  300 g  1 kg = 5.30 €,14,1.59,14499,39A227E823C6C016913580FDF977E3C8,6 pancakes,1AE2F89007F88D930A0CA5A6704ABE55,18/02/2015 13:40:16,€,D7ECA35BD80023AAB22FCB074F551D61,519FAB1C21E011CB83230C17046B5CF2,653,2342,24878_Lidlfr_promo_2342_14499,Lidl.fr_promo,24878_Lidlfr_promo,24878,http://www.Lidl.fr/fr/offres-513.htm?id=591,,,,
24791_Lidlfr_promo_2342_14499,Nos offres/Lundi 16/02|Mode enfant/Lundi 16/02,L'unité au choix,Veste imperméable fille,24791_Lidlfr_promo,,24791_Lidlfr_promo_2342,1,<strong class="price pricebutton" style="                color:#ee73aa;            "> € 9.99  L'unité au choix,3,9.99,14499,A3174B0429A75D7D038971C8AB266A12,Veste imperméable fille,6BC82FEB2F7B76D26DABBBE0602C7B75,18/02/2015 13:39:27,€,17504E36A51D47F265F217D470D7CA74,2933FEB99140863146F78CA650897C2F,653,2342,24791_Lidlfr_promo_2342_14499,Lidl.fr_promo,24791_Lidlfr_promo,24791,http://www.Lidl.fr/fr/offres-513.htm?id=588,,,,
25011_Lidlfr_promo_2342_14499,Nos offres/Lundi 23/02|Extérieur/Lundi 23/02,L'aérosol de 400 ml,Peinture de protection pour métaux,25011_Lidlfr_promo,1 L = 7.47 €,25011_Lidlfr_promo_2342,6,<strong class="price pricebutton" style="                color:#4b650d;            "> € 2.99  L'aérosol de 400 ml  1 L = 7.47 €,1,2.99,14499,88D6E70BCF3AD2B32B0599B306168897,Peinture de protection pour métaux,714FBD3BC4413AE647A5626DB9E2F73D,18/02/2015 13:40:31,€,BFF8EB7CEADCE3FF6270C472B94C577D,68E3BF852693AD8A72F32FDFE50DC6D4,653,2342,25011_Lidlfr_promo_2342_14499,Lidl.fr_promo,25011_Lidlfr_promo,25011,http://www.Lidl.fr/fr/offres-513.htm?id=594,,,,
25013_Lidlfr_promo_2342_14499,Nos offres/Lundi 23/02|Extérieur/Lundi 23/02,Le pot de 5 L,Lasure déco longue durée,25013_Lidlfr_promo,1 L = 2.59 €,25013_Lidlfr_promo_2342,6,<strong class="price pricebutton" style="                color:#4b650d;            "> € 12.99  Le pot de 5 L  1 L = 2.59 €,3,12.99,14499,29A5B314A169C686578D6DB70D085FF2,Lasure déco longue durée,5E2EE27FE4303F563E42701DAF6AD8DC,18/02/2015 13:40:32,€,CC5304AF5F7F938D4562635C7A5D231D,7DAC0F8F86AFC0DB7F7854D370346127,653,2342,25013_Lidlfr_promo_2342_14499,Lidl.fr_promo,25013_Lidlfr_promo,25013,http://www.Lidl.fr/fr/offres-513.htm?id=594,,,,
24832_Lidlfr_promo_2342_14499,Nos offres/Jeudi 19/02|Douce nuit/Jeudi 19/02,La parure au choix,Parure de lit en coton renforcé,24832_Lidlfr_promo,,24832_Lidlfr_promo_2342,4,<strong class="price pricebutton" style="                color:#a65c9b;            "> à partir de  € 11.99  La parure au choix,1,11.99,14499,732CD9DCF1D6AC835A83301146A14E2A,Parure de lit en coton renforcé,F1FB3A5A338C06D16026A8B6494E6F7A,18/02/2015 13:40:20,€,A81A1C53E333BA32B497593371E7E63A,659F7811510C2A2B265A09A56095C702,653,2342,24832_Lidlfr_promo_2342_14499,Lidl.fr_promo,24832_Lidlfr_promo,24832,http://www.Lidl.fr/fr/offres-513.htm?id=590,,,,
24836_Lidlfr_promo_2342_14499,Nos offres/Jeudi 19/02|Douce nuit/Jeudi 19/02,L'unité,Coussin en microfibre,24836_Lidlfr_promo,,24836_Lidlfr_promo_2342,4,<strong class="price pricebutton" style="                color:#a65c9b;            "> € 8.99  L'unité,2,8.99,14499,201F70778F5BC24C0BE89A76D83D7E77,Coussin en microfibre,DB5FF78B2E94BB55FC359455EDC78F1B,18/02/2015 13:40:21,€,2C367955A1AEB0ED0EB30A5662B04E50,BD44F20EE6AC130433C642094CECD336,653,2342,24836_Lidlfr_promo_2342_14499,Lidl.fr_promo,24836_Lidlfr_promo,24836,http://www.Lidl.fr/fr/offres-513.htm?id=590,,,,
24845_Lidlfr_promo_2342_14499,Nos offres/Jeudi 19/02|Douce nuit/Jeudi 19/02,L'unité au choix,Drap-housse en jersey,24845_Lidlfr_promo,,24845_Lidlfr_promo_2342,4,<strong class="price pricebutton" style="                color:#a65c9b;            "> à partir de  € 5.99  L'unité au choix,5,5.99,14499,757D15BF82CD331E8B8EC09F47FEE82E,Drap-housse en jersey,2CDB73A5A11AED79E3905BB9DF3C9F45,18/02/2015 13:40:21,€,5FE1B3FF1A1395AABDFDE68525069258,FB8AF9B1003EAAF5C36F2F065DA4FCA0,653,2342,24845_Lidlfr_promo_2342_14499,Lidl.fr_promo,24845_Lidlfr_promo,24845,http://www.Lidl.fr/fr/offres-513.htm?id=590,,,,
24847_Lidlfr_promo_2342_14499,Nos offres/Jeudi 19/02|Douce nuit/Jeudi 19/02,L'ensemble au choix,Pyjama homme,24847_Lidlfr_promo,,24847_Lidlfr_promo_2342,4,<strong class="price pricebutton" style="                color:#a65c9b;            "> € 9.99  L'ensemble au choix,7,9.99,14499,1D339B0311A10653DCFE4B3DBB6A4F24,Pyjama homme,C1FB7DBC71CF1F72A0F6DEBE1229C100,18/02/2015 13:40:22,€,76AF0F5932BDC249D95614C1CBD38544,0743832AD29F3A3EE0F01243AABBC3B8,653,2342,24847_Lidlfr_promo_2342_14499,Lidl.fr_promo,24847_Lidlfr_promo,24847,http://www.Lidl.fr/fr/offres-513.htm?id=590,,,,
24861_Lidlfr_promo_2342_14499,Nos offres/Jeudi 19/02|Douce nuit/Jeudi 19/02,L'unité au choix,Lampe halogène à pince,24861_Lidlfr_promo,,24861_Lidlfr_promo_2342,4,<strong class="price pricebutton" style="                color:#a65c9b;            "> € 5.99  L'unité au choix,9,5.99,14499,56CEC8B7309F8D033E5153557413A3C8,Lampe halogène à pince,6C0617BC884676650FBAA221716189D1,18/02/2015 13:40:22,€,E760BD0BA5AD9F7D6E12F5A2F5D98E58,4EE81D87959972EC4F7D90FAE46639F5,653,2342,24861_Lidlfr_promo_2342_14499,Lidl.fr_promo,24861_Lidlfr_promo,24861,http://www.Lidl.fr/fr/offres-513.htm?id=590,,,,
24863_Lidlfr_promo_2342_14499,Nos offres/Jeudi 19/02|Douce nuit/Jeudi 19/02,La paire au choix,Lunettes pliables avec étui,24863_Lidlfr_promo,,24863_Lidlfr_promo_2342,4,<strong class="price pricebutton" style="                color:#a65c9b;            "> € 3.49  La paire au choix,10,3.49,14499,FC73D134E638DFB2A01F4E2D4B1FCD4D,Lunettes pliables avec étui,484A3FEBA52AE124205ACF3AB042FBFB,18/02/2015 13:40:23,€,AA6FCA815931A9CD8828DDDD5A0E4F83,66A733FEBE222A5F3AE377F413C19305,653,2342,24863_Lidlfr_promo_2342_14499,Lidl.fr_promo,24863_Lidlfr_promo,24863,http://www.Lidl.fr/fr/offres-513.htm?id=590,,,,
25015_Lidlfr_promo_2342_14499,Nos offres/Lundi 23/02|Extérieur/Lundi 23/02,Le set au choix,Set de pinceaux,25015_Lidlfr_promo,,25015_Lidlfr_promo_2342,6,<strong class="price pricebutton" style="                color:#4b650d;            "> € 7.99  Le set au choix,5,7.99,14499,90E795C57E39768FC257ED2097F19CC0,Set de pinceaux,348960FD18F22B7B50BD5F8D34FD96F7,18/02/2015 13:40:32,€,CBD0B916EAFADD379E27420F364D1E3C,05204FDF0A9A07A4EAC25EC99AF7AE24,653,2342,25015_Lidlfr_promo_2342_14499,Lidl.fr_promo,25015_Lidlfr_promo,25015,http://www.Lidl.fr/fr/offres-513.htm?id=594,,,,
25017_Lidlfr_promo_2342_14499,Nos offres/Lundi 23/02|Extérieur/Lundi 23/02,L'unité,Pulvérisateur à pression,25017_Lidlfr_promo,,25017_Lidlfr_promo_2342,6,<strong class="price pricebutton" style="                color:#4b650d;            "> € 3.99  L'unité,7,3.99,14499,F67C5529EAAE30C012301FAD5CBAA27C,Pulvérisateur à pression,F7CFDDB723BFD05112C0D23AF719DB40,18/02/2015 13:40:33,€,FB2E8ECD9500FAEF109558EE2DF40AE6,DB4AF40394D17C2399D9B2BECF0A961D,653,2342,25017_Lidlfr_promo_2342_14499,Lidl.fr_promo,25017_Lidlfr_promo,25017,http://www.Lidl.fr/fr/offres-513.htm?id=594,,,,
24944_Lidlfr_promo_2342_14499,Nos offres/Jeudi 19/02|Maison/Jeudi 19/02,L'unité au choix,Mini commode,24944_Lidlfr_promo,,24944_Lidlfr_promo_2342,5,<strong class="price pricebutton" style="                color:#f3846a;            "> € 14.99*  L'unité au choix,1,14.99,14499,521BD149204CCDCD154698B806C7DE8C,Mini commode,4ECE071896A43DF448F804B1D422E9C7,18/02/2015 13:40:26,€,0DBF2347F78BFF70F3AEA9BC9658A547,4EA59864816087BB60D6E5680C047A5E,653,2342,24944_Lidlfr_promo_2342_14499,Lidl.fr_promo,24944_Lidlfr_promo,24944,http://www.Lidl.fr/fr/offres-513.htm?id=592,,,,
24946_Lidlfr_promo_2342_14499,Nos offres/Jeudi 19/02|Maison/Jeudi 19/02,Le lot au choix,4 boutons de meuble,24946_Lidlfr_promo,,24946_Lidlfr_promo_2342,5,<strong class="price pricebutton" style="                color:#f3846a;            "> € 3.99*  Le lot au choix,3,3.99,14499,5BF96FE7A5AEF8C93763054BD75CEEA3,4 boutons de meuble,EC05EEDF18F68CA784CD77ADE18245E6,18/02/2015 13:40:27,€,6535EECBA727ECBD716A84E1D0233FAC,52AC89F6FD092A77578033A1B21594FF,653,2342,24946_Lidlfr_promo_2342_14499,Lidl.fr_promo,24946_Lidlfr_promo,24946,http://www.Lidl.fr/fr/offres-513.htm?id=592,,,,
24951_Lidlfr_promo_2342_14499,Nos offres/Jeudi 19/02|Maison/Jeudi 19/02,L'unité au choix,Coussin,24951_Lidlfr_promo,,24951_Lidlfr_promo_2342,5,<strong class="price pricebutton" style="                color:#f3846a;            "> € 4.99  L'unité au choix,9,4.99,14499,D7B65F415935B4C6E8FC46C1D513C9AF,Coussin,289B7E86E3C9EEF50AAB355C761D7D9C,18/02/2015 13:40:28,€,7228FB098A158A18075A2A5E8D0A5A2E,493733B1EA397D196293BBF12B839A4F,653,2342,24951_Lidlfr_promo_2342_14499,Lidl.fr_promo,24951_Lidlfr_promo,24951,http://www.Lidl.fr/fr/offres-513.htm?id=592,,,,
24953_Lidlfr_promo_2342_14499,Nos offres/Jeudi 19/02|Maison/Jeudi 19/02,Le lot au choix,2 sets de table,24953_Lidlfr_promo,,24953_Lidlfr_promo_2342,5,<strong class="price pricebutton" style="                color:#f3846a;            "> € 2.99  Le lot au choix,11,2.99,14499,C187C295D50FEE21F9F053E69D7C9FEB,2 sets de table,23DBD95AF34ADCBF44F07F48B2F7A663,18/02/2015 13:40:29,€,D049CEF85AD7E92EEEE6611E6A846874,ABC8818C03E3574658E1A5DD95D2FF8D,653,2342,24953_Lidlfr_promo_2342_14499,Lidl.fr_promo,24953_Lidlfr_promo,24953,http://www.Lidl.fr/fr/offres-513.htm?id=592,,,,
24881_Lidlfr_promo_2342_14499,Nos offres/Mercredi 18/02|USA/Mercredi 18/02,454 g au choix,Beurre de cacahuète,24881_Lidlfr_promo,1 kg = 5.70 €,24881_Lidlfr_promo_2342,3,<strong class="price pricebutton" style="                color:#d83b30;            "> € 2.59  454 g au choix  1 kg = 5.70 €,17,2.59,14499,1C699B1B2FB3F45D26D8AA3D1B68C578,Beurre de cacahuète,7A4E3DA6CB17213E5EED3EDA3DB7EFA2,18/02/2015 13:40:17,€,E220DD89E2F6893EED94437924887C3B,D0A194DC29EE00D2F22EF573F2D7097F,653,2342,24881_Lidlfr_promo_2342_14499,Lidl.fr_promo,24881_Lidlfr_promo,24881,http://www.Lidl.fr/fr/offres-513.htm?id=591,,,,
24948_Lidlfr_promo_2342_14499,Nos offres/Jeudi 19/02|Maison/Jeudi 19/02,Le lot ou l'unité au choix,Accessoire(s) de décoration,24948_Lidlfr_promo,,24948_Lidlfr_promo_2342,5,<strong class="price pricebutton" style="                color:#f3846a;            "> € 2.99  Le lot ou l'unité au choix,6,2.99,14499,EFCC13E7D52FA89A702DD787F5A7D3BB,Accessoire(s) de décoration,30975CF392401C75B927B8B804D3F9B5,18/02/2015 13:40:27,€,72060F48EA1FD26D660CAE6B605E8FE9,4579B0511A0E6319628FFC17CC6B3998,653,2342,24948_Lidlfr_promo_2342_14499,Lidl.fr_promo,24948_Lidlfr_promo,24948,http://www.Lidl.fr/fr/offres-513.htm?id=592,,,,
25097_Lidlfr_promo_2342_14499,Nos offres/Mercredi 25/02|Savoie/Mercredi 25/02,600 g,Crozets au beaufort AOP et mini diots,25097_Lidlfr_promo,1 kg = 8.82 €,25097_Lidlfr_promo_2342,7,<strong class="price pricebutton" style="                color:#007d9b;            "> € 5.29  600 g  1 kg = 8.82 €,3,5.29,14499,78F449D8B9B640AF4D540CA3393F7E3C,Crozets au beaufort AOP et mini diots,3F71F10B54B9C647148E221C79966630,18/02/2015 13:40:38,€,23FB9588D33335DDBCFDE3A908FF9ADF,233E90F3F8794E85BC244BE259A99724,653,2342,25097_Lidlfr_promo_2342_14499,Lidl.fr_promo,25097_Lidlfr_promo,25097,http://www.Lidl.fr/fr/offres-513.htm?id=596,,,,
25112_Lidlfr_promo_2342_14499,Nos offres/Mercredi 25/02|Savoie/Mercredi 25/02,600 g,Gratin savoyard au beaufort AOP et mini diots,25112_Lidlfr_promo,1 kg = 8.32 €,25112_Lidlfr_promo_2342,7,<strong class="price pricebutton" style="                color:#007d9b;            "> € 4.99  600 g  1 kg = 8.32 €,4,4.99,14499,50AE4B3AE29D36F38E2566DE5BC15CA3,Gratin savoyard au beaufort AOP et mini diots,DB80BDBEAAC55CFA4B5D5E29C79BB6DF,18/02/2015 13:40:38,€,DF538745AC22252CF995C34F44E1C8C2,F02E21C27440AEF2E5C495CE615279E3,653,2342,25112_Lidlfr_promo_2342_14499,Lidl.fr_promo,25112_Lidlfr_promo,25112,http://www.Lidl.fr/fr/offres-513.htm?id=596,,,,
25099_Lidlfr_promo_2342_14499,Nos offres/Mercredi 25/02|Savoie/Mercredi 25/02,300 g,Tartiflette au reblochon de Savoie AOP Label Rouge,25099_Lidlfr_promo,1 kg = 9.97 €,25099_Lidlfr_promo_2342,7,<strong class="price pricebutton" style="                color:#007d9b;            "> € 2.99  300 g  1 kg = 9.97 €,6,2.99,14499,4DFD030781C51DAC5AEF911752EA0AA9,Tartiflette au reblochon de Savoie AOP Label Rouge,81C0434D2E6108990849935D04F95029,18/02/2015 13:40:39,€,14AC29069302020419FBA271FA71BAAF,BC4647BDDD46EE572310781A51030572,653,2342,25099_Lidlfr_promo_2342_14499,Lidl.fr_promo,25099_Lidlfr_promo,25099,http://www.Lidl.fr/fr/offres-513.htm?id=596,,,,
25105_Lidlfr_promo_2342_14499,Nos offres/Mercredi 25/02|Savoie/Mercredi 25/02,300 g,Tomme de Savoie IGP,25105_Lidlfr_promo,1 kg = 10.30 €,25105_Lidlfr_promo_2342,7,<strong class="price pricebutton" style="                color:#007d9b;            "> € 3.09  300 g  1 kg = 10.30 €,12,3.09,14499,ADAC402393CA32366B79E602A499A8C4,Tomme de Savoie IGP,AB803F72FD78152082DB7462FD8C06FA,18/02/2015 13:40:40,€,EB7C3A1D3E09436A20D868A3ECAA771A,DA29469A4B6418140138895517BE93C4,653,2342,25105_Lidlfr_promo_2342_14499,Lidl.fr_promo,25105_Lidlfr_promo,25105,http://www.Lidl.fr/fr/offres-513.htm?id=596,,,,
25107_Lidlfr_promo_2342_14499,Nos offres/Mercredi 25/02|Savoie/Mercredi 25/02,2 x 125 g,Yaourt de Savoie à la praline rose,25107_Lidlfr_promo,1 kg = 5.56 €,25107_Lidlfr_promo_2342,7,<strong class="price pricebutton" style="                color:#007d9b;            "> € 1.39  2 x 125 g  1 kg = 5.56 €,14,1.39,14499,9B09C5650BA851831C3B000DACD78E72,Yaourt de Savoie à la praline rose,D7B50314FF8049E2816B761AB0393476,18/02/2015 13:40:41,€,82F036969589D8083489290D8B266BEE,B76226C0B9542B5FA7C4FF56FF755802,653,2342,25107_Lidlfr_promo_2342_14499,Lidl.fr_promo,25107_Lidlfr_promo,25107,http://www.Lidl.fr/fr/offres-513.htm?id=596,,,,
25101_Lidlfr_promo_2342_14499,Nos offres/Mercredi 25/02|Savoie/Mercredi 25/02,350 g,Tarte flambée recette raclette,25101_Lidlfr_promo,1 kg = 7.11 €,25101_Lidlfr_promo_2342,7,<strong class="price pricebutton" style="                color:#007d9b;            "> € 2.49  350 g  1 kg = 7.11 €,8,2.49,14499,0D390C4900814707391215D4A5E60BF6,Tarte flambée recette raclette,2E5B6FD2FE24FC22AEADEEECCBDCA312,18/02/2015 13:40:39,€,68CAD21D431E6EA285E7AA5C57766110,940222ADE2401C27CF112992065C8877,653,2342,25101_Lidlfr_promo_2342_14499,Lidl.fr_promo,25101_Lidlfr_promo,25101,http://www.Lidl.fr/fr/offres-513.htm?id=596,,,,
25103_Lidlfr_promo_2342_14499,Nos offres/Mercredi 25/02|Savoie/Mercredi 25/02,325 g,Tarte aux 3 fromages savoyards,25103_Lidlfr_promo,1 kg = 12.28 €,25103_Lidlfr_promo_2342,7,<strong class="price pricebutton" style="                color:#007d9b;            "> € 3.99  325 g  1 kg = 12.28 €,10,3.99,14499,05D22859D6CFFBA059DB9C03EE4A6E11,Tarte aux 3 fromages savoyards,3E648285B92CF9BBB10C43F29FAC73F4,18/02/2015 13:40:40,€,9579BFAD5B8234DEF427A261EE7BF63E,D82604DE52C7A4C0D104443D90790B81,653,2342,25103_Lidlfr_promo_2342_14499,Lidl.fr_promo,25103_Lidlfr_promo,25103,http://www.Lidl.fr/fr/offres-513.htm?id=596,,,,
25109_Lidlfr_promo_2342_14499,Nos offres/Mercredi 25/02|Savoie/Mercredi 25/02,70 cl,Absinthe,25109_Lidlfr_promo,1 L = 24.27 €,25109_Lidlfr_promo_2342,7,<strong class="price pricebutton" style="                color:#007d9b;            "> € 16.99  70 cl  1 L = 24.27 €,16,16.99,14499,9D9039724E8B326C6874301408B99744,Absinthe,F6616C70EEBBFBEF7F319024A4A742DA,18/02/2015 13:40:41,€,79480FA5DB42A5EEF5409F742709CD6A,B759459D85D5C74EBD26499BBDB165E1,653,2342,25109_Lidlfr_promo_2342_14499,Lidl.fr_promo,25109_Lidlfr_promo,25109,http://www.Lidl.fr/fr/offres-513.htm?id=596,,,,
25110_Lidlfr_promo_2342_14499,Nos offres/Mercredi 25/02|Savoie/Mercredi 25/02,70 cl,Génépi des Alpes,25110_Lidlfr_promo,1 L = 17.13 €,25110_Lidlfr_promo_2342,7,<strong class="price pricebutton" style="                color:#007d9b;            "> € 11.99  70 cl  1 L = 17.13 €,17,11.99,14499,9441EA925ECE7DD9CC0B79AC23339D56,Génépi des Alpes,FCE91B8B2C1C2703610BCA7D7BF07DCA,18/02/2015 13:40:41,€,65960EEEB806758C2C4B5068FBBF450A,C14D241ACBC5861CFB8BD95CF2535812,653,2342,25110_Lidlfr_promo_2342_14499,Lidl.fr_promo,25110_Lidlfr_promo,25110,http://www.Lidl.fr/fr/offres-513.htm?id=596,,,,
25143_Lidlfr_promo_2342_14499,Nos offres/Mercredi 25/02|Viandes de bœuf/Mercredi 25/02,10 x 100 g,Steaks hachés pur bœuf,25143_Lidlfr_promo,,25143_Lidlfr_promo_2342,8,<strong class="price pricebutton" style="                color:#eb212e;            "> € 5.17  10 x 100 g,6,5.17,14499,4BB670914E64ED1E0CC333529C8A96C1,Steaks hachés pur bœuf,1D37691A6E834470A08E5464E616B3B4,18/02/2015 13:40:46,€,EE2F29ACDC35133B800D4DC3C7B2AC6E,BFC58C81E954A4EE8722992437A86D9D,653,2342,25143_Lidlfr_promo_2342_14499,Lidl.fr_promo,25143_Lidlfr_promo,25143,http://www.Lidl.fr/fr/offres-513.htm?id=597,,,,
25145_Lidlfr_promo_2342_14499,Nos offres/Mercredi 25/02|Viandes de bœuf/Mercredi 25/02,8 x 125 g,Steaks hachés façon bouchère pur bœuf,25145_Lidlfr_promo,,25145_Lidlfr_promo_2342,8,<strong class="price pricebutton" style="                color:#eb212e;            "> € 7.29  8 x 125 g,8,7.29,14499,082D6B069DC624A2FE46348B1ECDFD9B,Steaks hachés façon bouchère pur bœuf,D0C11E91EEB8009F886D5C1DA55640D9,18/02/2015 13:40:47,€,DCD2E8768E06272142A5C67F1B2A5D2C,BE419CDF098BAE8C8530EA4F19AF3837,653,2342,25145_Lidlfr_promo_2342_14499,Lidl.fr_promo,25145_Lidlfr_promo,25145,http://www.Lidl.fr/fr/offres-513.htm?id=597,,,,
25019_Lidlfr_promo_2342_14499,Nos offres/Lundi 23/02|Extérieur/Lundi 23/02,L'unité au choix,Jardinière avec niveau d'eau,25019_Lidlfr_promo,,25019_Lidlfr_promo_2342,6,<strong class="price pricebutton" style="                color:#4b650d;            "> à partir de  € 4.99  L'unité au choix,10,4.99,14499,DF383F1C110F67D15BBF65FDC0EE7306,Jardinière avec niveau d'eau,9A589705A6222BAA4EC9A6DCB64C0CAF,18/02/2015 13:40:33,€,750E9743CF1DD4832BA63980E3127A0C,112473807DF45853E16204788CE21E2C,653,2342,25019_Lidlfr_promo_2342_14499,Lidl.fr_promo,25019_Lidlfr_promo,25019,http://www.Lidl.fr/fr/offres-513.htm?id=594,,,,
25020_Lidlfr_promo_2342_14499,Nos offres/Lundi 23/02|Extérieur/Lundi 23/02,L'unité au choix,Paillasson,25020_Lidlfr_promo,,25020_Lidlfr_promo_2342,6,<strong class="price pricebutton" style="                color:#4b650d;            "> € 2.99  L'unité au choix,11,2.99,14499,57F8CFCAC28C6E89F2EDAC948239AA40,Paillasson,022F440E2C1231646FBCC95BC51EEC37,18/02/2015 13:40:34,€,A003E76F424F4F559DE4286BECBC6ED3,39E947EB63C8BAC0A911B23AC881C9BB,653,2342,25020_Lidlfr_promo_2342_14499,Lidl.fr_promo,25020_Lidlfr_promo,25020,http://www.Lidl.fr/fr/offres-513.htm?id=594,,,,
25095_Lidlfr_promo_2342_14499,Nos offres/Mercredi 25/02|Savoie/Mercredi 25/02,3 x 180 g,Assortiment de 3 terrines savoyardes,25095_Lidlfr_promo,1 kg = 4.61 €,25095_Lidlfr_promo_2342,7,<strong class="price pricebutton" style="                color:#007d9b;            "> € 2.49  3 x 180 g  1 kg = 4.61 €,1,2.49,14499,959A6977DB6BA4B53BF16AC5F23901E0,Assortiment de 3 terrines savoyardes,FB217A8C693E523D0E97E71A0C11807B,18/02/2015 13:40:37,€,77F08008B33ABB0C227EF61352BC91AA,875FFA7F896A4DA039E296E2D1F54937,653,2342,25095_Lidlfr_promo_2342_14499,Lidl.fr_promo,25095_Lidlfr_promo,25095,http://www.Lidl.fr/fr/offres-513.htm?id=596,,,,
25147_Lidlfr_promo_2342_14499,Nos offres/Mercredi 25/02|Viandes de bœuf/Mercredi 25/02,30 x 30 g,Boulettes au bœuf,25147_Lidlfr_promo,1 kg = 4.83 €,25147_Lidlfr_promo_2342,8,<strong class="price pricebutton" style="                color:#eb212e;            "> € 4.35  30 x 30 g  1 kg = 4.83 €,10,4.35,14499,B0B7B14C635DDF5F283E8DAC059745CA,Boulettes au bœuf,40A526BC6FA344C7907321884142C855,18/02/2015 13:40:47,€,C7294C5F39DD6BC919C44B5DFA8E0A5D,18318DA7DAE61A542729D9DA994161BE,653,2342,25147_Lidlfr_promo_2342_14499,Lidl.fr_promo,25147_Lidlfr_promo,25147,http://www.Lidl.fr/fr/offres-513.htm?id=597,,,,
25141_Lidlfr_promo_2342_14499,Nos offres/Mercredi 25/02|Viandes de bœuf/Mercredi 25/02,180 g,1 entrecôte,25141_Lidlfr_promo,1 kg = 19.94 €,25141_Lidlfr_promo_2342,8,<strong class="price pricebutton" style="                color:#eb212e;            "> € 3.59  180 g  1 kg = 19.94 €,4,3.59,14499,FE585529494A008DE969620533D752FC,1 entrecôte,40C9AF663B22A6B65CA77DDC4B80B724,18/02/2015 13:40:46,€,891F55242DE2537A4A4C128D460AEE45,0B7127C966FA2DC3E83D3C9651E9D9B6,653,2342,25141_Lidlfr_promo_2342_14499,Lidl.fr_promo,25141_Lidlfr_promo,25141,http://www.Lidl.fr/fr/offres-513.htm?id=597,,,,
24922_Lidlfr_promo_2342_14499,Nos promos/Moins cher,Soit le lot de 2 x 275 g,Le Rustique camembert,24922_Lidlfr_promo,1 kg = 4.22 €,24922_Lidlfr_promo_2342,10,<small class="pricecut" style="                color:#e52031;                            background-color:#ffffff;                            border:1px solid #e52031;            "> -50% sur le 2ème  <small class="specialdesc" style="                background-color: #e52031;            ">18/02 - 24/02  <strong class="price pricebutton" style="                color:#e52031;            "> € 2.32    Soit le lot de 2 x 275 g  1 kg = 4.22 €,6,2.32,14499,17481297B39A5D04B768C97419A474DD,Le Rustique camembert,4036396571210577BC7A4A8CE03F5DD4,18/02/2015 13:40:54,€,EDC83C69697721E8D7CD22C0CE9F949B,4BADF6FCE1FB568BA4D71E1645E5DA27,653,2342,24922_Lidlfr_promo_2342_14499,Lidl.fr_promo,24922_Lidlfr_promo,24922,http://www.Lidl.fr/fr/moins-cher.htm,-50% sur le 2ème,18/02 - 24/02,,
24931_Lidlfr_promo_2342_14499,Nos promos/Moins cher,4 x 80 g au choix,Mousse liégeoise,24931_Lidlfr_promo,1 kg = 2.47 €,24931_Lidlfr_promo_2342,10,<small class="pricecut" style="                color:#e52031;                            background-color:#ffffff;                            border:1px solid #e52031;            "> -20% <em class="priceold" style="                border-left: 2px solid #e52031;            "> 0.99   <small class="specialdesc" style="                background-color: #e52031;            ">18/02 - 24/02  <strong class="price pricebutton" style="                color:#e52031;            "> € 0.79    4 x 80 g au choix  1 kg = 2.47 €,8,0.79,14499,8AD792E316A56133F68E8493F0CF1D2D,Mousse liégeoise,BD1EAA18DB10A262842B7A50AC245C0E,18/02/2015 13:40:54,€,DA31AF8659DA1348505B2AECACCCBCB9,474E406FC68C5E3F0BCE9A7206CDEF5E,653,2342,24931_Lidlfr_promo_2342_14499,Lidl.fr_promo,24931_Lidlfr_promo,24931,http://www.Lidl.fr/fr/moins-cher.htm,-20%,18/02 - 24/02,0.99,
24933_Lidlfr_promo_2342_14499,Nos promos/Moins cher,La bouteille de 1 L,Pur jus de 4 agrumes,24933_Lidlfr_promo,,24933_Lidlfr_promo_2342,10,<small class="pricecut" style="                color:#e52031;                            background-color:#ffffff;                            border:1px solid #e52031;            "> -20% <em class="priceold" style="                border-left: 2px solid #e52031;            "> 0.99   <small class="specialdesc" style="                background-color: #e52031;            ">18/02 - 24/02  <strong class="price pricebutton" style="                color:#e52031;            "> € 0.79    La bouteille de 1 L,10,0.79,14499,000D562AFB77B582CA15F738F4F353F6,Pur jus de 4 agrumes,938C6B22BBA7A287C151E8FCDD42438D,18/02/2015 13:40:55,€,E5E8A318E4D6A27E3F35DB765B1A07C3,942DAAC277DACED487D09DDCBE753D73,653,2342,24933_Lidlfr_promo_2342_14499,Lidl.fr_promo,24933_Lidlfr_promo,24933,http://www.Lidl.fr/fr/moins-cher.htm,-20%,18/02 - 24/02,0.99,
24935_Lidlfr_promo_2342_14499,Nos promos/Moins cher,75 cl,Côtes de Bordeaux AOP,24935_Lidlfr_promo,1 L = 2.79 €,24935_Lidlfr_promo_2342,10,<small class="pricecut" style="                color:#e52031;                            background-color:#ffffff;                            border:1px solid #e52031;            "> -22% <em class="priceold" style="                border-left: 2px solid #e52031;            "> 2.69   <small class="specialdesc" style="                background-color: #e52031;            ">18/02 - 24/02  <strong class="price pricebutton" style="                color:#e52031;            "> € 2.09    75 cl  1 L = 2.79 €,12,2.09,14499,57094FABF183A9D10DDA4D23E5755402,Côtes de Bordeaux AOP,C60410015951E02BE37A85BCFAB91923,18/02/2015 13:40:55,€,5E9EF8F525ABB36BB25D43B12142863E,546B5E6A6DFE42925B8A87EBCAC1A9CB,653,2342,24935_Lidlfr_promo_2342_14499,Lidl.fr_promo,24935_Lidlfr_promo,24935,http://www.Lidl.fr/fr/moins-cher.htm,-22%,18/02 - 24/02,2.69,
25161_Lidlfr_promo_2342_14499,Nos promos/Moins cher,180 g,Jambon supérieur,25161_Lidlfr_promo,1 kg = 6.61 €,25161_Lidlfr_promo_2342,10,<small class="pricecut" style="                color:#e52031;                            background-color:#ffffff;                            border:1px solid #e52031;            "> -20% <em class="priceold" style="                border-left: 2px solid #e52031;            "> 1.49   <small class="specialdesc" style="                background-color: #e52031;            ">25/02 - 03/03  <strong class="price pricebutton" style="                color:#e52031;            "> € 1.19    180 g  1 kg = 6.61 €,16,1.19,14499,AA17845B1092E3B9E0AFF71E001946D8,Jambon supérieur,32FC98274FFF1DD13C360B85DD850999,18/02/2015 13:40:55,€,306E7E9D09054A3B6CD4D87E4BAC66E5,A7A6B51B4DA2A493F024AAC42D94C7CD,653,2342,25161_Lidlfr_promo_2342_14499,Lidl.fr_promo,25161_Lidlfr_promo,25161,http://www.Lidl.fr/fr/moins-cher.htm,-20%,25/02 - 03/03,1.49,
25163_Lidlfr_promo_2342_14499,Nos promos/Moins cher,100 g,Jambon de Bayonne IGP,25163_Lidlfr_promo,1 kg = 12.90 €,25163_Lidlfr_promo_2342,10,<small class="pricecut" style="                color:#e52031;                            background-color:#ffffff;                            border:1px solid #e52031;            "> -13% <em class="priceold" style="                border-left: 2px solid #e52031;            "> 1.49   <small class="specialdesc" style="                background-color: #e52031;            ">25/02 - 03/03  <strong class="price pricebutton" style="                color:#e52031;            "> € 1.29    100 g  1 kg = 12.90 €,18,1.29,14499,2E0E11AC8BA8C3C65AF7C9249CEC1C85,Jambon de Bayonne IGP,92DBA88E74DD76455A4ADD2A52DCBA6C,18/02/2015 13:40:55,€,2A6B22827F793D7ADC0318BC31290D61,7E4DDECD5564E9FE8A83E41821797CA3,653,2342,25163_Lidlfr_promo_2342_14499,Lidl.fr_promo,25163_Lidlfr_promo,25163,http://www.Lidl.fr/fr/moins-cher.htm,-13%,25/02 - 03/03,1.49,
25165_Lidlfr_promo_2342_14499,Nos promos/Moins cher,2 x 400 g,Raclette en tranchettes,25165_Lidlfr_promo,1 kg = 5.49 €,25165_Lidlfr_promo_2342,10,<small class="pricecut" style="                color:#e52031;                            background-color:#ffffff;                            border:1px solid #e52031;            "> -17% <em class="priceold" style="                border-left: 2px solid #e52031;            "> 5.29   <small class="specialdesc" style="                background-color: #e52031;            ">25/02 - 03/03  <strong class="price pricebutton" style="                color:#e52031;            "> € 4.39    2 x 400 g  1 kg = 5.49 €,20,4.39,14499,08070F0E248094FDA18E877112E04BD5,Raclette en tranchettes,583603A9B708C1F8A7540737F6A689ED,18/02/2015 13:40:55,€,571044C46B2728757E4EBF23476194DD,3773B6CF600F775304F7489130B3D7D1,653,2342,25165_Lidlfr_promo_2342_14499,Lidl.fr_promo,25165_Lidlfr_promo,25165,http://www.Lidl.fr/fr/moins-cher.htm,-17%,25/02 - 03/03,5.29,
25167_Lidlfr_promo_2342_14499,Nos promos/Moins cher,250 g,Morbier au lait cru AOP,25167_Lidlfr_promo,1 kg = 6.76 €,25167_Lidlfr_promo_2342,10,<small class="pricecut" style="                color:#e52031;                            background-color:#ffffff;                            border:1px solid #e52031;            "> -21% <em class="priceold" style="                border-left: 2px solid #e52031;            "> 2.15   <small class="specialdesc" style="                background-color: #e52031;            ">25/02 - 03/03  <strong class="price pricebutton" style="                color:#e52031;            "> € 1.69    250 g  1 kg = 6.76 €,22,1.69,14499,EF02DA050CDE2B8991927575E900036D,Morbier au lait cru AOP,B6566CB584E315D588E3F7C4A3152AB1,18/02/2015 13:40:55,€,CAE7F98E88B3564942777ED9E48C4A05,25485DF232E188A3F3E514EE1C9DE020,653,2342,25167_Lidlfr_promo_2342_14499,Lidl.fr_promo,25167_Lidlfr_promo,25167,http://www.Lidl.fr/fr/moins-cher.htm,-21%,25/02 - 03/03,2.15,
25169_Lidlfr_promo_2342_14499,Nos promos/Moins cher,350 g au choix,Lunettes de Romans,25169_Lidlfr_promo,1 kg = 4.54 €,25169_Lidlfr_promo_2342,10,<small class="pricecut" style="                color:#e52031;                            background-color:#ffffff;                            border:1px solid #e52031;            "> -20% <em class="priceold" style="                border-left: 2px solid #e52031;            "> 1.99   <small class="specialdesc" style="                background-color: #e52031;            ">25/02 - 03/03  <strong class="price pricebutton" style="                color:#e52031;            "> € 1.59    350 g au choix  1 kg = 4.54 €,24,1.59,14499,7622480D02051EE4117E73638419A446,Lunettes de Romans,A07986C4597F3A3D38D984C8A0021B27,18/02/2015 13:40:55,€,AF25A05661D1A2EE82C32577FC3BC376,8DE251FEAE057B8675FB551E684A295C,653,2342,25169_Lidlfr_promo_2342_14499,Lidl.fr_promo,25169_Lidlfr_promo,25169,http://www.Lidl.fr/fr/moins-cher.htm,-20%,25/02 - 03/03,1.99,
25170_Lidlfr_promo_2342_14499,Nos promos/Moins cher,8 x 100 g au choix,Fromage blanc,25170_Lidlfr_promo,1 kg = 1.56 €,25170_Lidlfr_promo_2342,10,<small class="pricecut" style="                color:#e52031;                            background-color:#ffffff;                            border:1px solid #e52031;            "> -19% <em class="priceold" style="                border-left: 2px solid #e52031;            "> 1.55   <small class="specialdesc" style="                background-color: #e52031;            ">25/02 - 03/03  <strong class="price pricebutton" style="                color:#e52031;            "> € 1.25    8 x 100 g au choix  1 kg = 1.56 €,25,1.25,14499,5FD737F1618B4F78172570D6E63444CF,Fromage blanc,A76203CBBA2181448F82C220210120BC,18/02/2015 13:40:56,€,B690B525F540938A72B193E23179F479,4D70135CF4B09E7B072F9F78863F2600,653,2342,25170_Lidlfr_promo_2342_14499,Lidl.fr_promo,25170_Lidlfr_promo,25170,http://www.Lidl.fr/fr/moins-cher.htm,-19%,25/02 - 03/03,1.55,
25172_Lidlfr_promo_2342_14499,Nos promos/Moins cher,La bouteille de 1 L,Rhum blanc traditionnel des Antilles,25172_Lidlfr_promo,,25172_Lidlfr_promo_2342,10,<small class="pricecut" style="                color:#e52031;                            background-color:#ffffff;                            border:1px solid #e52031;            "> -20% <em class="priceold" style="                border-left: 2px solid #e52031;            "> 14.49   <small class="specialdesc" style="                background-color: #e52031;            ">25/02 - 03/03  <strong class="price pricebutton" style="                color:#e52031;            "> € 11.59    La bouteille de 1 L,27,11.59,14499,CA8A2B29D751296D1F3CC6D429534E23,Rhum blanc traditionnel des Antilles,446B92007B628CF30318D43465DA7280,18/02/2015 13:40:56,€,B63EF7FC22A1618C5472FFE977F533A7,A2A12471535005FFEF2984CFA21C8EDA,653,2342,25172_Lidlfr_promo_2342_14499,Lidl.fr_promo,25172_Lidlfr_promo,25172,http://www.Lidl.fr/fr/moins-cher.htm,-20%,25/02 - 03/03,14.49,
24917_Lidlfr_promo_2342_14499,Nos promos/Moins cher,800 g,Pilons de poulet,24917_Lidlfr_promo,1 kg = 3.74 €,24917_Lidlfr_promo_2342,10,<small class="pricecut" style="                color:#e52031;                            background-color:#ffffff;                            border:1px solid #e52031;            "> -18% <em class="priceold" style="                border-left: 2px solid #e52031;            "> 3.69   <small class="specialdesc" style="                background-color: #e52031;            ">18/02 - 24/02  <strong class="price pricebutton" style="                color:#e52031;            "> € 2.99    800 g  1 kg = 3.74 €,1,2.99,14499,E2AFA81B43B2621A06797F0F2706B2A5,Pilons de poulet,18BF3F45CF6CCAF6FF89F499E1881248,18/02/2015 13:40:54,€,69401BFBB19F3F815A88FF07A2E07F0A,905FB31E485E7F2FAD5CBA1F425D72E6,653,2342,24917_Lidlfr_promo_2342_14499,Lidl.fr_promo,24917_Lidlfr_promo,24917,http://www.Lidl.fr/fr/moins-cher.htm,-18%,18/02 - 24/02,3.69,
24919_Lidlfr_promo_2342_14499,Nos promos/Moins cher,6 x 130 g,6 cheeseburgers au bœuf,24919_Lidlfr_promo,1 kg = 3.83 €,24919_Lidlfr_promo_2342,10,<small class="pricecut" style="                color:#e52031;                            background-color:#ffffff;                            border:1px solid #e52031;            "> -18% <em class="priceold" style="                border-left: 2px solid #e52031;            "> 3.69   <small class="specialdesc" style="                background-color: #e52031;            ">18/02 - 24/02  <strong class="price pricebutton" style="                color:#e52031;            "> € 2.99    6 x 130 g  1 kg = 3.83 €,3,2.99,14499,69149D37C7E6C2F75766303B33B659E6,6 cheeseburgers au bœuf,DBBF309A959CF8BFD98AB7574B2AD77F,18/02/2015 13:40:54,€,7A82047AAD37561775BC56CF89126284,3A451D508BE07D684C2FACE70E6ECF9D,653,2342,24919_Lidlfr_promo_2342_14499,Lidl.fr_promo,24919_Lidlfr_promo,24919,http://www.Lidl.fr/fr/moins-cher.htm,-18%,18/02 - 24/02,3.69,
24920_Lidlfr_promo_2342_14499,Nos promos/Moins cher,2 x 150 g au choix,2 cheeseburgers,24920_Lidlfr_promo,1 kg = 5.30 €,24920_Lidlfr_promo_2342,10,<small class="pricecut" style="                color:#e52031;                            background-color:#ffffff;                            border:1px solid #e52031;            "> -20% <em class="priceold" style="                border-left: 2px solid #e52031;            "> 1.99   <small class="specialdesc" style="                background-color: #e52031;            ">18/02 - 24/02  <strong class="price pricebutton" style="                color:#e52031;            "> € 1.59    2 x 150 g au choix  1 kg = 5.30 €,4,1.59,14499,121D366A4863D7DE2B08EA025830272C,2 cheeseburgers,A79B38B1C6CF0FFAE4581B83344B227D,18/02/2015 13:40:54,€,C13338A16C65EC1CBC44676CC4410443,F00C0EEB95F5A928C3814BC3B3EE962B,653,2342,24920_Lidlfr_promo_2342_14499,Lidl.fr_promo,24920_Lidlfr_promo,24920,http://www.Lidl.fr/fr/moins-cher.htm,-20%,18/02 - 24/02,1.99,
24991_Lidlfr_promo_2342_14499,Nos promos/Bonnes affaires,L'unité ou le set au choix,Jeu,24991_Lidlfr_promo,,24991_Lidlfr_promo_2342,14,<small class="specialdesc" style="                background-color: #1f4fb8;            ">19/02 - 19/02  <strong class="price pricebutton" style="                color:#1f4fb8;            "> € 10.99    L'unité ou le set au choix,3,10.99,14499,5DDEF9ECF60D11AED4EFE02018C54709,Jeu,D5FDBA2D27BEEEEAF7669339F8536726,18/02/2015 13:41:11,€,CA07AA4899CDA2C1A2935B195D43AE5C,4B23F8DC9EB4ED500A662E396908D39B,653,2342,24991_Lidlfr_promo_2342_14499,Lidl.fr_promo,24991_Lidlfr_promo,24991,http://www.Lidl.fr/fr/bonnes-affaires.htm,,19/02 - 19/02,,
24993_Lidlfr_promo_2342_14499,Nos promos/Bonnes affaires,L'unité ou le set au choix,Jouets d'extérieur,24993_Lidlfr_promo,,24993_Lidlfr_promo_2342,14,<small class="specialdesc" style="                background-color: #1f4fb8;            ">19/02 - 19/02  <strong class="price pricebutton" style="                color:#1f4fb8;            "> € 1.99    L'unité ou le set au choix,5,1.99,14499,B1103BFC1D454B41E8837ABA503F452E,Jouets d'extérieur,2E380D2A96537AF714B74868D1093799,18/02/2015 13:41:11,€,FD4EF575F4EBC98790750997114D1BF9,ECC8647B514CB6AE769B6AF99410A092,653,2342,24993_Lidlfr_promo_2342_14499,Lidl.fr_promo,24993_Lidlfr_promo,24993,http://www.Lidl.fr/fr/bonnes-affaires.htm,,19/02 - 19/02,,
24982_Lidlfr_promo_2342_14499,Nos promos/Plantes & fleurs,L'unité au choix,Rosier grimpant en motte,24982_Lidlfr_promo,Le 21/02,24982_Lidlfr_promo_2342,13,<strong class="price pricebutton" style="                color:#f05660;            "> € 2.49  L'unité au choix  Le 21/02,3,2.49,14499,03E5F0C008F26E6B209811FEBC2316B5,Rosier grimpant en motte,FBEF9FF978030C2B404DBB3ED67666D5,18/02/2015 13:41:06,€,3C3B561F1A87DE30022AB59E30121672,E945A4E090CD71ACBF4CFCC6FF54AD9C,653,2342,24982_Lidlfr_promo_2342_14499,Lidl.fr_promo,24982_Lidlfr_promo,24982,http://www.Lidl.fr/fr/plantes-fleurs.htm,,,,
24986_Lidlfr_promo_2342_14499,Nos promos/Plantes & fleurs,L'unité,Narcisses,24986_Lidlfr_promo,Le 23/02,24986_Lidlfr_promo_2342,13,<strong class="price pricebutton" style="                color:#f05660;            "> € 1.29  L'unité  Le 23/02,4,1.29,14499,DF9E31B12B1B5DE2420B0EFD2017E97D,Narcisses,F0D97519687D667D9B1A2F27F7B480DA,18/02/2015 13:41:06,€,6BCA7F62C6CC854C9C9A0096B04C4ECB,77B1AE6BE955316D7234F2BC5A409CDD,653,2342,24986_Lidlfr_promo_2342_14499,Lidl.fr_promo,24986_Lidlfr_promo,24986,http://www.Lidl.fr/fr/plantes-fleurs.htm,,,,
25035_Lidlfr_promo_2342_14499,Nos promos/Super samedi,750 g,Paupiettes de porc,25035_Lidlfr_promo,1 kg = 5.32 €,25035_Lidlfr_promo_2342,11,<small class="pricecut" style="                color:#e52031;                            background-color:#ffffff;                            border:1px solid #e52031;            "> -22% <em class="priceold" style="                border-left: 2px solid #e52031;            "> 5.15   <small class="specialdesc" style="                background-color: #e52031;            ">21/02 - 21/02  <strong class="price pricebutton" style="                color:#e52031;            "> € 3.99    750 g  1 kg = 5.32 €,2,3.99,14499,380351962ED7C0BABC6EF876060DB46D,Paupiettes de porc,00960BAA2285D150B47D1EBEB0A0E7EA,18/02/2015 13:40:58,€,581D6A0B0CB5208541507CC45E67EACF,099E842AF821E68C6B90D20DDCFC0FC8,653,2342,25035_Lidlfr_promo_2342_14499,Lidl.fr_promo,25035_Lidlfr_promo,25035,http://www.Lidl.fr/fr/super-samedi.htm,-22%,21/02 - 21/02,5.15,
25044_Lidlfr_promo_2342_14499,Nos promos/Fruits & légumes,La barquette de 1 kg,Carottes des sables,25044_Lidlfr_promo,,25044_Lidlfr_promo_2342,12,<small class="specialdesc" style="                background-color: #f1830c;            ">18/02 - 21/02  <strong class="price pricebutton" style="                color:#cf6d04;            "> € 1.29    La barquette de 1 kg,4,1.29,14499,B81E4A7A79BFC758E87CFE0AD0F8D53E,Carottes des sables,0FB2A123A00D9DE90C2B6522EFEF6A5F,18/02/2015 13:41:02,€,86599E637AC5A274DF9A13EC2B0C0A93,BCEA8E33F6A05964BDF4AC26C1AA89CF,653,2342,25044_Lidlfr_promo_2342_14499,Lidl.fr_promo,25044_Lidlfr_promo,25044,http://www.Lidl.fr/fr/fruits-legumes.htm,,18/02 - 21/02,,
25042_Lidlfr_promo_2342_14499,Nos promos/Fruits & légumes,La pièce,Salade iceberg,25042_Lidlfr_promo,,25042_Lidlfr_promo_2342,12,<small class="specialdesc" style="                background-color: #f1830c;            ">18/02 - 21/02  <strong class="price pricebutton" style="                color:#cf6d04;            "> € 0.79    La pièce,2,0.79,14499,00443201F203FFA24938B88DCA970157,Salade iceberg,450570B88BF303AD392FBD991ED7AE25,18/02/2015 13:41:01,€,9FFBA9BD4528699DA14B2527FA285C85,4F7E82050E79D3F6A24897B6413CB90F,653,2342,25042_Lidlfr_promo_2342_14499,Lidl.fr_promo,25042_Lidlfr_promo,25042,http://www.Lidl.fr/fr/fruits-legumes.htm,,18/02 - 21/02,,
24973_Lidlfr_promo_2342_14499,Nos promos/Plantes & fleurs,L'unité au choix,Plantes vertes,24973_Lidlfr_promo,Le 18/02,24973_Lidlfr_promo_2342,13,<strong class="price pricebutton" style="                color:#f05660;            "> € 21.99  L'unité au choix  Le 18/02,1,21.99,14499,77B241215F5FB61E29B394947EB1BAD0,Plantes vertes,4384703A9405CCCF68D123D5955189A2,18/02/2015 13:41:05,€,4B59ECE49BA5CC70F5273BE84BBCB7D1,47AF7FCA91DD663217384FADCD58C8AB,653,2342,24973_Lidlfr_promo_2342_14499,Lidl.fr_promo,24973_Lidlfr_promo,24973,http://www.Lidl.fr/fr/plantes-fleurs.htm,,,,
24873_Lidlfr_promo_1148_14499,Nos offres/Mercredi 18/02|USA/Mercredi 18/02,440 g au choix,Pizza américaine,24873_Lidlfr_promo,1 kg = 4.30 €,24873_Lidlfr_promo_1148,18,<strong class="price pricebutton" style="                color:#d83b30;            "> € 1.89  440 g au choix  1 kg = 4.30 €,8,1.89,14499,E6B439804D4D1E0C0FA1528E0789493C,Pizza américaine,BD4670BF0D341FA9960C84E789F480B0,18/02/2015 13:41:30,€,4558AEA0F45ED3E0FA7D54A0966E0F7A,DF3ABFAA6336C64811B77E86B9CB17B0,655,1148,24873_Lidlfr_promo_1148_14499,Lidl.fr_promo,24873_Lidlfr_promo,24873,http://www.Lidl.fr/fr/offres-513.htm?id=591,,,,
24905_Lidlfr_promo_1148_14499,Nos offres/Mercredi 18/02|USA/Mercredi 18/02,190 g au choix,Tortilla de blé fourrée,24905_Lidlfr_promo,1 kg = 12.45 €,24905_Lidlfr_promo_1148,18,<strong class="price pricebutton" style="                color:#d83b30;            "> € 2.29  190 g au choix  1 kg = 12.45 €,9,2.29,14499,5A1D4FC08011ABFA58B5AF722004A61A,Tortilla de blé fourrée,CF34CBBBAE3E77E73B20752C75F98C65,18/02/2015 13:41:30,€,856A817F2AFD98DAEE50FE84D784E4DF,2708FBA0DC4216AB4AB4DE1FC0C49862,655,1148,24905_Lidlfr_promo_1148_14499,Lidl.fr_promo,24905_Lidlfr_promo,24905,http://www.Lidl.fr/fr/offres-513.htm?id=591,,,,
24907_Lidlfr_promo_1148_14499,Nos offres/Mercredi 18/02|USA/Mercredi 18/02,230 ml au choix,Milkshake,24907_Lidlfr_promo,1 L = 3.43 €,24907_Lidlfr_promo_1148,18,<strong class="price pricebutton" style="                color:#d83b30;            "> € 0.79  230 ml au choix  1 L = 3.43 €,10,0.79,14499,A2E8DE8E09A1E63C52AE2B5AAE9E00FD,Milkshake,C96AA37613C15551ADC57236080663D5,18/02/2015 13:41:31,€,00F15ACBC9AA04FBCB63A767B86E5F82,CCD9F73A3BB415A32B0708B0821761C4,655,1148,24907_Lidlfr_promo_1148_14499,Lidl.fr_promo,24907_Lidlfr_promo,24907,http://www.Lidl.fr/fr/offres-513.htm?id=591,,,,
24868_Lidlfr_promo_1148_14499,Nos offres/Mercredi 18/02|USA/Mercredi 18/02,200 g au choix,Cruspies,24868_Lidlfr_promo,1 kg = 4.45 €,24868_Lidlfr_promo_1148,18,<strong class="price pricebutton" style="                color:#d83b30;            "> € 0.89  200 g au choix  1 kg = 4.45 €,3,0.89,14499,44227BE6553087EE138647BA184C65B7,Cruspies,83E17F4B4F704A28C2FF7CA2661FFBAB,18/02/2015 13:41:29,€,27F4CDA289EE11F4110B539FB6A2B902,90DA3608667E990227E76560921E5FA7,655,1148,24868_Lidlfr_promo_1148_14499,Lidl.fr_promo,24868_Lidlfr_promo,24868,http://www.Lidl.fr/fr/offres-513.htm?id=591,,,,
24871_Lidlfr_promo_1148_14499,Nos offres/Mercredi 18/02|USA/Mercredi 18/02,500 g,Filets de poulet panés,24871_Lidlfr_promo,1 kg = 6.58 €,24871_Lidlfr_promo_1148,18,<strong class="price pricebutton" style="                color:#d83b30;            "> € 3.29  500 g  1 kg = 6.58 €,6,3.29,14499,C1354A0B0EC0EF1D9B09F5F75E1E714F,Filets de poulet panés,C47233599AE9C326BDEBCE28CEB2D1EF,18/02/2015 13:41:30,€,F19F6FF8231DD12FB09C49C72E8DE000,4D57C8AC8153E8565A307084434A7355,655,1148,24871_Lidlfr_promo_1148_14499,Lidl.fr_promo,24871_Lidlfr_promo,24871,http://www.Lidl.fr/fr/offres-513.htm?id=591,,,,
24769_Lidlfr_promo_1148_14499,Nos offres/Lundi 16/02|Auto/Moto/Lundi 16/02,L'unité,Protège pare-brise,24769_Lidlfr_promo,,24769_Lidlfr_promo_1148,17,<strong class="price pricebutton" style="                color:#f17230;            "> € 1.99  L'unité,14,1.99,14499,1016AB8C711CD94605566A9C1F8D61F8,Protège pare-brise,B7829988F8364A8573E26FED3F07ABB2,18/02/2015 13:41:26,€,2F9992C808165ACB4F145A43F38637D6,C113616DEDB792F022356B9A8295C00D,655,1148,24769_Lidlfr_promo_1148_14499,Lidl.fr_promo,24769_Lidlfr_promo,24769,http://www.Lidl.fr/fr/offres-513.htm?id=589,,,,
24770_Lidlfr_promo_1148_14499,Nos offres/Lundi 16/02|Auto/Moto/Lundi 16/02,L'unité au choix,Réhausseur de siège enfant gr. 2/3,24770_Lidlfr_promo,,24770_Lidlfr_promo_1148,17,<strong class="price pricebutton" style="                color:#f17230;            "> € 11.99  L'unité au choix,15,11.99,14499,30C7F19D7A8824901B6490F15B01608F,Réhausseur de siège enfant gr. 2/3,4B7CE33720074DBACB5474038ABE8CAD,18/02/2015 13:41:26,€,432EE7F8E12F28148FA4D4621D9ED8D2,9C677BD9EAD4EA4926C59A7D0467881D,655,1148,24770_Lidlfr_promo_1148_14499,Lidl.fr_promo,24770_Lidlfr_promo,24770,http://www.Lidl.fr/fr/offres-513.htm?id=589,,,,
24790_Lidlfr_promo_1148_14499,Nos offres/Lundi 16/02|Mode enfant/Lundi 16/02,L'unité au choix,Veste imperméable garçon,24790_Lidlfr_promo,,24790_Lidlfr_promo_1148,16,<strong class="price pricebutton" style="                color:#ee73aa;            "> € 9.99  L'unité au choix,2,9.99,14499,A8B2F7E8E0A51080F80004E7B75F34DA,Veste imperméable garçon,2C087FA845920FA71D7942C7669370EC,18/02/2015 13:41:20,€,33F3ED15A026B7E021EE117ECB2B44D6,C573F25877C971C5CA3AA000F1EDCA35,655,1148,24790_Lidlfr_promo_1148_14499,Lidl.fr_promo,24790_Lidlfr_promo,24790,http://www.Lidl.fr/fr/offres-513.htm?id=588,,,,
24792_Lidlfr_promo_1148_14499,Nos offres/Lundi 16/02|Mode enfant/Lundi 16/02,La paire au choix,Chaussettes chaudes fille ou garçon,24792_Lidlfr_promo,,24792_Lidlfr_promo_1148,16,<strong class="price pricebutton" style="                color:#ee73aa;            "> € 1.99  La paire au choix,4,1.99,14499,FCFD99C0E0781189B40B0A50F12E9DB9,Chaussettes chaudes fille ou garçon,12E43F353867A697A06E3B88BBDB7A13,18/02/2015 13:41:20,€,3D3076BEB68C4B9873E38868336954FC,A962A696F2D82CFF7B5425A562468A46,655,1148,24792_Lidlfr_promo_1148_14499,Lidl.fr_promo,24792_Lidlfr_promo,24792,http://www.Lidl.fr/fr/offres-513.htm?id=588,,,,
24761_Lidlfr_promo_1148_14499,Nos offres/Lundi 16/02|Auto/Moto/Lundi 16/02,L'unité,Top case pour scooter,24761_Lidlfr_promo,,24761_Lidlfr_promo_1148,17,<strong class="price pricebutton" style="                color:#f17230;            "> € 29.99  L'unité,6,29.99,14499,7F502620FB0B34204FF6BFB7BB130848,Top case pour scooter,42E781B53DE218B7184FDC160A1596ED,18/02/2015 13:41:24,€,C55534A133F67B1A3187221E27866B1C,C4BD5C1E2AD0C73F8682C1719013B642,655,1148,24761_Lidlfr_promo_1148_14499,Lidl.fr_promo,24761_Lidlfr_promo,24761,http://www.Lidl.fr/fr/offres-513.htm?id=589,,,,
24763_Lidlfr_promo_1148_14499,Nos offres/Lundi 16/02|Auto/Moto/Lundi 16/02,La paire au choix,Lunettes de soleil sport,24763_Lidlfr_promo,,24763_Lidlfr_promo_1148,17,<strong class="price pricebutton" style="                color:#f17230;            "> € 3.99  La paire au choix,8,3.99,14499,CFE0661780F8BB3D8929E7EB750AD581,Lunettes de soleil sport,6897630C1144DAF07FBD78FF0ACA9E43,18/02/2015 13:41:24,€,21B236BF9A3A43B45D082FD619DEA71E,9E8375D4BEA951A9E639CF4FA7EFA3DD,655,1148,24763_Lidlfr_promo_1148_14499,Lidl.fr_promo,24763_Lidlfr_promo,24763,http://www.Lidl.fr/fr/offres-513.htm?id=589,,,,
24756_Lidlfr_promo_1148_14499,Nos offres/Lundi 16/02|Auto/Moto/Lundi 16/02,L'unité,Atlas routier,24756_Lidlfr_promo,,24756_Lidlfr_promo_1148,17,<strong class="price pricebutton" style="                color:#f17230;            "> € 4.99  L'unité,2,4.99,14499,C66B9E5B7D1D2357A845DFA37C28DBC0,Atlas routier,D0A16F7B5699080227C92308D271F910,18/02/2015 13:41:23,€,9BE3D78F4869D3EF37D0835486FAB9F8,2CA59FD9C3117F138E722E13597F2B0B,655,1148,24756_Lidlfr_promo_1148_14499,Lidl.fr_promo,24756_Lidlfr_promo,24756,http://www.Lidl.fr/fr/offres-513.htm?id=589,,,,
24758_Lidlfr_promo_1148_14499,Nos offres/Lundi 16/02|Auto/Moto/Lundi 16/02,L'unité au choix,Caleçon technique de moto homme,24758_Lidlfr_promo,,24758_Lidlfr_promo_1148,17,<strong class="price pricebutton" style="                color:#f17230;            "> € 11.99  L'unité au choix,4,11.99,14499,FC9C05DE083CA107D09403273CADB41E,Caleçon technique de moto homme,C5A76093B57CD3BF6A608340FC484D76,18/02/2015 13:41:23,€,C9AC59751E1E2F3E70ED292F44A4F7B1,F6423457AD5DAA885F892D5ABAC69A43,655,1148,24758_Lidlfr_promo_1148_14499,Lidl.fr_promo,24758_Lidlfr_promo,24758,http://www.Lidl.fr/fr/offres-513.htm?id=589,,,,
24765_Lidlfr_promo_1148_14499,Nos offres/Lundi 16/02|Auto/Moto/Lundi 16/02,L'unité,Couvre-selle pour scooter,24765_Lidlfr_promo,,24765_Lidlfr_promo_1148,17,<strong class="price pricebutton" style="                color:#f17230;            "> € 6.99  L'unité,10,6.99,14499,B35290AA7D48EDA8FEC1BCB7997F5881,Couvre-selle pour scooter,5BE651DCFD53EB801D6BFBF885EA6DEC,18/02/2015 13:41:25,€,82BB85FBCA4C14570E100BF7A79B31CE,511A767823E5718ACE2B93439CD79AC2,655,1148,24765_Lidlfr_promo_1148_14499,Lidl.fr_promo,24765_Lidlfr_promo,24765,http://www.Lidl.fr/fr/offres-513.htm?id=589,,,,
24767_Lidlfr_promo_1148_14499,Nos offres/Lundi 16/02|Auto/Moto/Lundi 16/02,Le set,Câbles de démarrage aluminium,24767_Lidlfr_promo,,24767_Lidlfr_promo_1148,17,<strong class="price pricebutton" style="                color:#f17230;            "> € 9.99  Le set,12,9.99,14499,85DB49D16E5DDA6BA964EEB583C9CA2E,Câbles de démarrage aluminium,BE8C4DA70EFD788EE046733FD2766875,18/02/2015 13:41:25,€,0EFC159466F51555BC80CBAE0062FAB4,8158A29C3B5E8D4E8D591D607CFE77B0,655,1148,24767_Lidlfr_promo_1148_14499,Lidl.fr_promo,24767_Lidlfr_promo,24767,http://www.Lidl.fr/fr/offres-513.htm?id=589,,,,
24866_Lidlfr_promo_1148_14499,Nos offres/Mercredi 18/02|USA/Mercredi 18/02,450 g,Flips géants,24866_Lidlfr_promo,1 kg = 4.42 €,24866_Lidlfr_promo_1148,18,<strong class="price pricebutton" style="                color:#d83b30;            "> € 1.99  450 g  1 kg = 4.42 €,1,1.99,14499,75CE736F195E0E09E33CE8966E8F5802,Flips géants,0B2013F24830BCC3985DA27C48640FC2,18/02/2015 13:41:28,€,2BE38B7774C35A88C4830B4CFD3020AD,FC524D9465535E3F32C487236668155F,655,1148,24866_Lidlfr_promo_1148_14499,Lidl.fr_promo,24866_Lidlfr_promo,24866,http://www.Lidl.fr/fr/offres-513.htm?id=591,,,,
24789_Lidlfr_promo_1148_14499,Nos offres/Lundi 16/02|Mode enfant/Lundi 16/02,La paire au choix,Bottes de pluie enfant,24789_Lidlfr_promo,,24789_Lidlfr_promo_1148,16,<strong class="price pricebutton" style="                color:#ee73aa;            "> € 9.99*  La paire au choix,1,9.99,14499,466FA431B04ADC4F270ECE5623BC69CD,Bottes de pluie enfant,85E1069DA6CE78AE3C2427A4007B2555,18/02/2015 13:41:19,€,5D69FC29220F8ED079B4E1514A090442,414E181C908E9B035425E6C057C288E5,655,1148,24789_Lidlfr_promo_1148_14499,Lidl.fr_promo,24789_Lidlfr_promo,24789,http://www.Lidl.fr/fr/offres-513.htm?id=588,,,,
24947_Lidlfr_promo_1148_14499,Nos offres/Jeudi 19/02|Maison/Jeudi 19/02,L'unité au choix,Casier à miniatures,24947_Lidlfr_promo,,24947_Lidlfr_promo_1148,20,<strong class="price pricebutton" style="                color:#f3846a;            "> € 11.99*  L'unité au choix,4,11.99,14499,0A64EE4C558BDD5B6E815B51A89E914F,Casier à miniatures,D485532A723B3B2794BDD56E56083917,18/02/2015 13:41:40,€,3F213CA330A4E5BB006763B420204A76,44AEABC3C16B195BA97B91A17DFD6F05,655,1148,24947_Lidlfr_promo_1148_14499,Lidl.fr_promo,24947_Lidlfr_promo,24947,http://www.Lidl.fr/fr/offres-513.htm?id=592,,,,
24943_Lidlfr_promo_1148_14499,Nos offres/Jeudi 19/02|Maison/Jeudi 19/02,L'unité au choix,Horloge murale rétro,24943_Lidlfr_promo,,24943_Lidlfr_promo_1148,20,<strong class="price pricebutton" style="                color:#f3846a;            "> € 4.99*  L'unité au choix,5,4.99,14499,5446D3A9F8135951E7C1C87CE3137751,Horloge murale rétro,14593492E7EF6C6835D59E2781853200,18/02/2015 13:41:41,€,8DF8A0D447934FAD7A18608A080F2BC3,E6EC91CBA600CA785D5E02BEB0D0C8EB,655,1148,24943_Lidlfr_promo_1148_14499,Lidl.fr_promo,24943_Lidlfr_promo,24943,http://www.Lidl.fr/fr/offres-513.htm?id=592,,,,
24949_Lidlfr_promo_1148_14499,Nos offres/Jeudi 19/02|Maison/Jeudi 19/02,L'unité au choix,Tablier de cuisine,24949_Lidlfr_promo,,24949_Lidlfr_promo_1148,20,<strong class="price pricebutton" style="                color:#f3846a;            "> € 3.99  L'unité au choix,7,3.99,14499,979C77802AED623E9888DB6886021BFD,Tablier de cuisine,E1D7F0497FF211605F59A892697BBA2B,18/02/2015 13:41:41,€,BCBBF55EB52F930034245368A25DF331,2FF9DC13024F20C0D3CF1F9474C5A03F,655,1148,24949_Lidlfr_promo_1148_14499,Lidl.fr_promo,24949_Lidlfr_promo,24949,http://www.Lidl.fr/fr/offres-513.htm?id=592,,,,
25016_Lidlfr_promo_1148_14499,Nos offres/Lundi 23/02|Extérieur/Lundi 23/02,Le pot de 25 L,Gel de protection du bois,25016_Lidlfr_promo,1 L = 3.19 €,25016_Lidlfr_promo_1148,21,<strong class="price pricebutton" style="                color:#4b650d;            "> € 7.99  Le pot de 25 L  1 L = 3.19 €,6,7.99,14499,FB9A25BA2C10024FCCE222BF224FA8EB,Gel de protection du bois,1659D4BC4015A1DF5554F09E0B61EB9F,18/02/2015 13:41:46,€,15577C1CCD74A89F6ECF3B908C6057BD,7B080BAC7A1E553D6DA63936A525C619,655,1148,25016_Lidlfr_promo_1148_14499,Lidl.fr_promo,25016_Lidlfr_promo,25016,http://www.Lidl.fr/fr/offres-513.htm?id=594,,,,
25018_Lidlfr_promo_1148_14499,Nos offres/Lundi 23/02|Extérieur/Lundi 23/02,L'unité ou le set au choix,Accessoire(s) de jardinage,25018_Lidlfr_promo,,25018_Lidlfr_promo_1148,21,<strong class="price pricebutton" style="                color:#4b650d;            "> € 1.99  L'unité ou le set au choix,8,1.99,14499,7A66AED3E1A8AB2D9934B83DA72C3864,Accessoire(s) de jardinage,DC1DFD649E0AAF34F596AFC71521E16B,18/02/2015 13:41:46,€,B7380C69A0B02D9929F447547B70F3D1,3E70BABF4BCFB88FF496D2F8326BA174,655,1148,25018_Lidlfr_promo_1148_14499,Lidl.fr_promo,25018_Lidlfr_promo,25018,http://www.Lidl.fr/fr/offres-513.htm?id=594,,,,
24880_Lidlfr_promo_1148_14499,Nos offres/Mercredi 18/02|USA/Mercredi 18/02,150 g au choix,Préparation laitière américaine,24880_Lidlfr_promo,1 kg = 3.27 €,24880_Lidlfr_promo_1148,18,<strong class="price pricebutton" style="                color:#d83b30;            "> € 0.49  150 g au choix  1 kg = 3.27 €,16,0.49,14499,48CD93475F83DEB526CB19B8A162DF72,Préparation laitière américaine,9689AEE8BCDEEFD6CD8CBEB1785E0BFA,18/02/2015 13:41:32,€,D0B2665174A22A04F6097FBD93126DB0,592F69EB8605FAF19BB15D0B370CFAC8,655,1148,24880_Lidlfr_promo_1148_14499,Lidl.fr_promo,24880_Lidlfr_promo,24880,http://www.Lidl.fr/fr/offres-513.htm?id=591,,,,
24882_Lidlfr_promo_1148_14499,Nos offres/Mercredi 18/02|USA/Mercredi 18/02,225 g au choix,Mini muffins,24882_Lidlfr_promo,1 kg = 6.62 €,24882_Lidlfr_promo_1148,18,<strong class="price pricebutton" style="                color:#d83b30;            "> € 1.49  225 g au choix  1 kg = 6.62 €,18,1.49,14499,178A57635940E289065FACF1081E328F,Mini muffins,6FA35153A2ADE1541E2B62F931C9D67D,18/02/2015 13:41:33,€,D1BFFA43FFACDB61834102E764BA1936,32E0740FC318FC059523A2F830A5B248,655,1148,24882_Lidlfr_promo_1148_14499,Lidl.fr_promo,24882_Lidlfr_promo,24882,http://www.Lidl.fr/fr/offres-513.htm?id=591,,,,
24877_Lidlfr_promo_1148_14499,Nos offres/Mercredi 18/02|USA/Mercredi 18/02,250 ml,Sirop d'érable,24877_Lidlfr_promo,1 L = 13.96 €,24877_Lidlfr_promo_1148,18,<strong class="price pricebutton" style="                color:#d83b30;            "> € 3.49  250 ml  1 L = 13.96 €,13,3.49,14499,22D7892E667D070A72064E9C340816D2,Sirop d'érable,8C7D1555C5923F69DE71A71311D955A9,18/02/2015 13:41:31,€,C65E973C7E6954B9777CB3A3C0ECCFCE,8F4131479DEFDE8DC2F27D096C15D72F,655,1148,24877_Lidlfr_promo_1148_14499,Lidl.fr_promo,24877_Lidlfr_promo,24877,http://www.Lidl.fr/fr/offres-513.htm?id=591,,,,
24879_Lidlfr_promo_1148_14499,Nos offres/Mercredi 18/02|USA/Mercredi 18/02,240 g au choix,8 mini brownies,24879_Lidlfr_promo,1 kg = 5.79 €,24879_Lidlfr_promo_1148,18,<strong class="price pricebutton" style="                color:#d83b30;            "> € 1.39  240 g au choix  1 kg = 5.79 €,15,1.39,14499,124F0E1E702734E2978A3DF91F9AF601,8 mini brownies,2D879E220BFB610959BA07ECE11D48C6,18/02/2015 13:41:32,€,2A6B2BFA0C05B18F593DB2D6C2767D76,52B8BC3917542528942A2D02A624D123,655,1148,24879_Lidlfr_promo_1148_14499,Lidl.fr_promo,24879_Lidlfr_promo,24879,http://www.Lidl.fr/fr/offres-513.htm?id=591,,,,
25012_Lidlfr_promo_1148_14499,Nos offres/Lundi 23/02|Extérieur/Lundi 23/02,Le pot de 750 ml,Peinture pour métaux,25012_Lidlfr_promo,1 L = 7.98 €,25012_Lidlfr_promo_1148,21,<strong class="price pricebutton" style="                color:#4b650d;            "> € 5.99  Le pot de 750 ml  1 L = 7.98 €,2,5.99,14499,1147B6284148FBF54F0283B589FE812E,Peinture pour métaux,790AFE3AF829A5F83694E615338EDC7C,18/02/2015 13:41:45,€,0216E192586C95BFC046071E739BD3A4,B71FAF915B91184A5C4DC56C7D6262DA,655,1148,25012_Lidlfr_promo_1148_14499,Lidl.fr_promo,25012_Lidlfr_promo,25012,http://www.Lidl.fr/fr/offres-513.htm?id=594,,,,
25014_Lidlfr_promo_1148_14499,Nos offres/Lundi 23/02|Extérieur/Lundi 23/02,Le pot de 1 L,Peinture blanche express,25014_Lidlfr_promo,,25014_Lidlfr_promo_1148,21,<strong class="price pricebutton" style="                color:#4b650d;            "> € 5.99  Le pot de 1 L,4,5.99,14499,26CFA99510B5CE22D04AF4660985DFC8,Peinture blanche express,20B1A0DD504F48CEE67C0F3B08ADF7A0,18/02/2015 13:41:45,€,E2DE7DD1B4C1A3B79DF2D6B218ED2A29,AD4064ED89C079795893AED6055C1A90,655,1148,25014_Lidlfr_promo_1148_14499,Lidl.fr_promo,25014_Lidlfr_promo,25014,http://www.Lidl.fr/fr/offres-513.htm?id=594,,,,
24837_Lidlfr_promo_1148_14499,Nos offres/Jeudi 19/02|Douce nuit/Jeudi 19/02,L'unité,Oreiller ergonomique en microfibre,24837_Lidlfr_promo,,24837_Lidlfr_promo_1148,19,<strong class="price pricebutton" style="                color:#a65c9b;            "> € 8.99  L'unité,3,8.99,14499,16D26546EF541F433C228B4DD5AD3FFA,Oreiller ergonomique en microfibre,6D4C6056B4EB30D05831AC60CE2D32B4,18/02/2015 13:41:35,€,9CA9C141DC5C143C32C0DE735B2E95A2,E75B50AAF9E8125E58481A0CFF44B539,655,1148,24837_Lidlfr_promo_1148_14499,Lidl.fr_promo,24837_Lidlfr_promo,24837,http://www.Lidl.fr/fr/offres-513.htm?id=590,,,,
24840_Lidlfr_promo_1148_14499,Nos offres/Jeudi 19/02|Douce nuit/Jeudi 19/02,L'unité au choix,Couette en microfibre,24840_Lidlfr_promo,,24840_Lidlfr_promo_1148,19,<strong class="price pricebutton" style="                color:#a65c9b;            "> à partir de  € 12.99  L'unité au choix,4,12.99,14499,388E802435DF875E09F17C2830D3E132,Couette en microfibre,BF5C40281C33A620EC7BE9BFBED26ABF,18/02/2015 13:41:36,€,B70713F7AE1FB6BAD968E7EFB5EF68E1,C32E57398A4A3D95CB29CE12AE30E18F,655,1148,24840_Lidlfr_promo_1148_14499,Lidl.fr_promo,24840_Lidlfr_promo,24840,http://www.Lidl.fr/fr/offres-513.htm?id=590,,,,
24846_Lidlfr_promo_1148_14499,Nos offres/Jeudi 19/02|Douce nuit/Jeudi 19/02,L'ensemble au choix,Pyjama femme,24846_Lidlfr_promo,,24846_Lidlfr_promo_1148,19,<strong class="price pricebutton" style="                color:#a65c9b;            "> € 9.99  L'ensemble au choix,6,9.99,14499,8CC9CE6911524144D30972187EAB6BE0,Pyjama femme,96CA1B4188494FF2ABE41065B4BFB7BE,18/02/2015 13:41:36,€,2AEEA5C55559E47F8C2E8134CC77AB8D,3B5D4919C43697E04AE8F965BC07ACD1,655,1148,24846_Lidlfr_promo_1148_14499,Lidl.fr_promo,24846_Lidlfr_promo,24846,http://www.Lidl.fr/fr/offres-513.htm?id=590,,,,
24855_Lidlfr_promo_1148_14499,Nos offres/Jeudi 19/02|Douce nuit/Jeudi 19/02,L'ensemble au choix,Pyjama fille ou garçon,24855_Lidlfr_promo,,24855_Lidlfr_promo_1148,19,<strong class="price pricebutton" style="                color:#a65c9b;            "> € 5.99  L'ensemble au choix,8,5.99,14499,9244CEBD6105E601E070DF17249EE20C,Pyjama fille ou garçon,D5CA7181E40020FFAB74A0AB8481D170,18/02/2015 13:41:37,€,308605426B63D0509B5CFA008238BF44,28614D9BC22C8A1EC4B6FAFD953EF378,655,1148,24855_Lidlfr_promo_1148_14499,Lidl.fr_promo,24855_Lidlfr_promo,24855,http://www.Lidl.fr/fr/offres-513.htm?id=590,,,,
24950_Lidlfr_promo_1148_14499,Nos offres/Jeudi 19/02|Maison/Jeudi 19/02,Le set au choix,Gant et manique,24950_Lidlfr_promo,,24950_Lidlfr_promo_1148,20,<strong class="price pricebutton" style="                color:#f3846a;            "> € 2.99  Le set au choix,8,2.99,14499,27C21BD8C93F753FF83A774B03882FFA,Gant et manique,91ACF47457CA7C9EA2849A143BEC3E07,18/02/2015 13:41:41,€,E7F11AAEE1925BAC88EF4016E045A1E2,EA16C8AD502B00DD6EB031B3FD35D738,655,1148,24950_Lidlfr_promo_1148_14499,Lidl.fr_promo,24950_Lidlfr_promo,24950,http://www.Lidl.fr/fr/offres-513.htm?id=592,,,,
24952_Lidlfr_promo_1148_14499,Nos offres/Jeudi 19/02|Maison/Jeudi 19/02,L'unité au choix,Coussin de chaise,24952_Lidlfr_promo,,24952_Lidlfr_promo_1148,20,<strong class="price pricebutton" style="                color:#f3846a;            "> € 4.99  L'unité au choix,10,4.99,14499,CFCDE28B44ED495CE196D3BC44D073EF,Coussin de chaise,C873FC3DFF640274AB6B17018E0896B7,18/02/2015 13:41:42,€,D89AFA3EEAE1049431319C6BEB2560F5,C9CE98A38EBB27CCDB0E5083F2CFCDE7,655,1148,24952_Lidlfr_promo_1148_14499,Lidl.fr_promo,24952_Lidlfr_promo,24952,http://www.Lidl.fr/fr/offres-513.htm?id=592,,,,
24945_Lidlfr_promo_1148_14499,Nos offres/Jeudi 19/02|Maison/Jeudi 19/02,L'unité au choix,Mini commode,24945_Lidlfr_promo,,24945_Lidlfr_promo_1148,20,<strong class="price pricebutton" style="                color:#f3846a;            "> € 9.99*  L'unité au choix,2,9.99,14499,98739508E1EEBA6326D0E5CDD3908BBB,Mini commode,AC4A7B8B37FB76CFBA6A64B1582B05BD,18/02/2015 13:41:40,€,7F88C67F6E3D541FE8988D5DDA697B2D,E7D849AD71F30E44BED446AC00507F58,655,1148,24945_Lidlfr_promo_1148_14499,Lidl.fr_promo,24945_Lidlfr_promo,24945,http://www.Lidl.fr/fr/offres-513.htm?id=592,,,,
25139_Lidlfr_promo_1148_14499,Nos offres/Mercredi 25/02|Viandes de bœuf/Mercredi 25/02,240 g,Bifteck,25139_Lidlfr_promo,1 kg = 13.54 €,25139_Lidlfr_promo_1148,23,<strong class="price pricebutton" style="                color:#eb212e;            "> € 3.25  240 g  1 kg = 13.54 €,1,3.25,14499,2E3EEE1020B74E07FFB169357EFE904B,Bifteck,EC857293B35EC39884FD088C45AE6EA9,18/02/2015 13:41:56,€,E142F8A17133B1FB1CFB32E2CA097817,077C7FB8FCF33CEC814D0BDE680AA041,655,1148,25139_Lidlfr_promo_1148_14499,Lidl.fr_promo,25139_Lidlfr_promo,25139,http://www.Lidl.fr/fr/offres-513.htm?id=597,,,,
25148_Lidlfr_promo_1148_14499,Nos offres/Mercredi 25/02|Viandes de bœuf/Mercredi 25/02,400 g,4 steaks hachés pur bœuf,25148_Lidlfr_promo,1 kg = 5.98 €,25148_Lidlfr_promo_1148,23,<small class="pricecut" style="                color:#ffffff;                            background-color:#B41E0A;                            border:1px solid #B41E0A;            "> -20% <em class="priceold" style="                border-left: 2px solid #B41E0A;            "> 2.99   <small class="specialdesc" style="                background-color: #B41E0A;            ">18/02 - 03/03  <strong class="price pricebutton" style="                color:#eb212e;            "> € 2.39    400 g  1 kg = 5.98 €,2,2.39,14499,9C6128F46A78D242EEE432DF59C4F219,4 steaks hachés pur bœuf,59C08216C056AECFC9ED5E8E9DDAB5A7,18/02/2015 13:41:56,€,70FC77DA683310434092D4DFB00264E9,861771F24543EAB4B20BD2E057A44C39,655,1148,25148_Lidlfr_promo_1148_14499,Lidl.fr_promo,25148_Lidlfr_promo,25148,http://www.Lidl.fr/fr/offres-513.htm?id=597,-20%,18/02 - 03/03,2.99,
25140_Lidlfr_promo_1148_14499,Nos offres/Mercredi 25/02|Viandes de bœuf/Mercredi 25/02,170 g,Faux-filet,25140_Lidlfr_promo,1 kg = 17.59 €,25140_Lidlfr_promo_1148,23,<strong class="price pricebutton" style="                color:#eb212e;            "> € 2.99  170 g  1 kg = 17.59 €,3,2.99,14499,5DDB6D696DE47B9B7534A11AB2396128,Faux-filet,8534E9592C7687BDF879059376662779,18/02/2015 13:41:56,€,58870FE34BFF1EFAFFAC640EB5D2AD74,6CA2A46DDEF1AE69E6F8B205456FD3AE,655,1148,25140_Lidlfr_promo_1148_14499,Lidl.fr_promo,25140_Lidlfr_promo,25140,http://www.Lidl.fr/fr/offres-513.htm?id=597,,,,
25142_Lidlfr_promo_1148_14499,Nos offres/Mercredi 25/02|Viandes de bœuf/Mercredi 25/02,10 x 100 g,10 hachés au bœuf "Le tendre et savoureux",25142_Lidlfr_promo,,25142_Lidlfr_promo_1148,23,<strong class="price pricebutton" style="                color:#eb212e;            "> € 4.89  10 x 100 g,5,4.89,14499,3A14EEC11479106505D394BC73729C63,10 hachés au bœuf "Le tendre et savoureux",B10669753AA475795AFEEE21B1227A7E,18/02/2015 13:41:57,€,0667891688CF6407964E34FCDA2CC6FE,9940DC91E5D2185602912EF38945FCEA,655,1148,25142_Lidlfr_promo_1148_14499,Lidl.fr_promo,25142_Lidlfr_promo,25142,http://www.Lidl.fr/fr/offres-513.htm?id=597,,,,
25104_Lidlfr_promo_1148_14499,Nos offres/Mercredi 25/02|Savoie/Mercredi 25/02,720 g,4 hachés de porc savoyards,25104_Lidlfr_promo,1 kg = 6.93 €,25104_Lidlfr_promo_1148,22,<strong class="price pricebutton" style="                color:#007d9b;            "> € 4.99  720 g  1 kg = 6.93 €,11,4.99,14499,2DAB478724A84CA4F66041099010C253,4 hachés de porc savoyards,BA33691E53D5FBC07406EF77D438A5C8,18/02/2015 13:41:52,€,A40DC0D96B4025163E4CF541124F2434,DEBCAF71BEE6F0241371E32F2620B2DD,655,1148,25104_Lidlfr_promo_1148_14499,Lidl.fr_promo,25104_Lidlfr_promo,25104,http://www.Lidl.fr/fr/offres-513.htm?id=596,,,,
25106_Lidlfr_promo_1148_14499,Nos offres/Mercredi 25/02|Savoie/Mercredi 25/02,6 x 125 g,Yaourt de Savoie "Plaisir des Alpes",25106_Lidlfr_promo,1 kg = 2.92 €,25106_Lidlfr_promo_1148,22,<strong class="price pricebutton" style="                color:#007d9b;            "> € 2.19  6 x 125 g  1 kg = 2.92 €,13,2.19,14499,BEBB6C46E59528B5EEEAD71EAF87C6DB,Yaourt de Savoie "Plaisir des Alpes",7AF05186CA03AF16B044B4BE94E3AC70,18/02/2015 13:41:52,€,DEECC7489CFA09F0857F01798465CF2E,7C07C57FDAC8C86EDCA57EFCDC5134A1,655,1148,25106_Lidlfr_promo_1148_14499,Lidl.fr_promo,25106_Lidlfr_promo,25106,http://www.Lidl.fr/fr/offres-513.htm?id=596,,,,
25096_Lidlfr_promo_1148_14499,Nos offres/Mercredi 25/02|Savoie/Mercredi 25/02,250 g,Saucisson sec au beaufort,25096_Lidlfr_promo,1 kg = 10.36 €,25096_Lidlfr_promo_1148,22,<strong class="price pricebutton" style="                color:#007d9b;            "> € 2.59  250 g  1 kg = 10.36 €,2,2.59,14499,B449CF9B60C91C973A7AC7E543D76E89,Saucisson sec au beaufort,EBF2B55ADD95AAC52CEFD1290E140F6B,18/02/2015 13:41:50,€,A9D897C66CA9A8471F62EFEA37ABE028,E72F04340BA52EEB59AAC43D472D1D31,655,1148,25096_Lidlfr_promo_1148_14499,Lidl.fr_promo,25096_Lidlfr_promo,25096,http://www.Lidl.fr/fr/offres-513.htm?id=596,,,,
25098_Lidlfr_promo_1148_14499,Nos offres/Mercredi 25/02|Savoie/Mercredi 25/02,600 g,Tartiflette au reblochon de Savoie AOP,25098_Lidlfr_promo,1 kg = 7.98 €,25098_Lidlfr_promo_1148,22,<strong class="price pricebutton" style="                color:#007d9b;            "> € 4.79  600 g  1 kg = 7.98 €,5,4.79,14499,FA17EE6B7CF2366C4C7A986B3A0A6A14,Tartiflette au reblochon de Savoie AOP,EE3400BB325C23AD138134565B8B9AD6,18/02/2015 13:41:50,€,658AE72838CFE92AF321A524431CEF04,1FE165377D4907F0EA45A5397520B85C,655,1148,25098_Lidlfr_promo_1148_14499,Lidl.fr_promo,25098_Lidlfr_promo,25098,http://www.Lidl.fr/fr/offres-513.htm?id=596,,,,
25100_Lidlfr_promo_1148_14499,Nos offres/Mercredi 25/02|Savoie/Mercredi 25/02,2 x 150 g au choix,Feuilletés,25100_Lidlfr_promo,1 kg = 5.97 €,25100_Lidlfr_promo_1148,22,<strong class="price pricebutton" style="                color:#007d9b;            "> € 1.79  2 x 150 g au choix  1 kg = 5.97 €,7,1.79,14499,1D48ED27F959AD21497588BEA2593575,Feuilletés,E9AF309755A20C1C82A4E585F9A177B2,18/02/2015 13:41:51,€,CB8FFEA780E9B6065FAE1925FF4FCA6E,92E84FA86A270EA72D92C0293FD678EE,655,1148,25100_Lidlfr_promo_1148_14499,Lidl.fr_promo,25100_Lidlfr_promo,25100,http://www.Lidl.fr/fr/offres-513.htm?id=596,,,,
25102_Lidlfr_promo_1148_14499,Nos offres/Mercredi 25/02|Savoie/Mercredi 25/02,300 g,Mini délices au beaufort,25102_Lidlfr_promo,1 kg = 4.97 €,25102_Lidlfr_promo_1148,22,<strong class="price pricebutton" style="                color:#007d9b;            "> € 1.49  300 g  1 kg = 4.97 €,9,1.49,14499,5B4AF43745AECBBB20F266382215B83E,Mini délices au beaufort,4330B4489384ECD87DBAB7C8D02C0D08,18/02/2015 13:41:51,€,9A55563408BDA7C6F26C5B2C8FBF282A,934AE3FE682FD9B04E9A8B15DD789911,655,1148,25102_Lidlfr_promo_1148_14499,Lidl.fr_promo,25102_Lidlfr_promo,25102,http://www.Lidl.fr/fr/offres-513.htm?id=596,,,,
25144_Lidlfr_promo_1148_14499,Nos offres/Mercredi 25/02|Viandes de bœuf/Mercredi 25/02,4 x 100 g,Steak haché pur bœuf,25144_Lidlfr_promo,1 kg = 8.73 €,25144_Lidlfr_promo_1148,23,<strong class="price pricebutton" style="                color:#eb212e;            "> € 3.49  4 x 100 g  1 kg = 8.73 €,7,3.49,14499,FE289A62184C1F5E3652FE11A992D055,Steak haché pur bœuf,3DB23799760F8F219E9E29C96269BF68,18/02/2015 13:41:57,€,31BD07528CB52E6069DC564D16760258,208C538E54592A60BDE61D93E10CDE94,655,1148,25144_Lidlfr_promo_1148_14499,Lidl.fr_promo,25144_Lidlfr_promo,25144,http://www.Lidl.fr/fr/offres-513.htm?id=597,,,,
25146_Lidlfr_promo_1148_14499,Nos offres/Mercredi 25/02|Viandes de bœuf/Mercredi 25/02,800 g,Viande hachée pur bœuf,25146_Lidlfr_promo,1 kg = 6.24 €,25146_Lidlfr_promo_1148,23,<strong class="price pricebutton" style="                color:#eb212e;            "> € 4.99  800 g  1 kg = 6.24 €,9,4.99,14499,B1713CBB8345EAF4E9A08E731E6B739E,Viande hachée pur bœuf,041F55A70FCD327E664B281C7DA26B4B,18/02/2015 13:41:58,€,F751427FFACF3122D3C13746BE0F86CE,8C317A7C6C3E9BD6382554CE9F0811AA,655,1148,25146_Lidlfr_promo_1148_14499,Lidl.fr_promo,25146_Lidlfr_promo,25146,http://www.Lidl.fr/fr/offres-513.htm?id=597,,,,
25108_Lidlfr_promo_1148_14499,Nos offres/Mercredi 25/02|Savoie/Mercredi 25/02,75 cl,Vin de Savoie Terroirs d'Exception 2014 AOP,25108_Lidlfr_promo,1 L = 5.32 €,25108_Lidlfr_promo_1148,22,<strong class="price pricebutton" style="                color:#007d9b;            "> € 3.99  75 cl  1 L = 5.32 €,15,3.99,14499,FC497958E88CBF542BD0860F5E328A45,Vin de Savoie Terroirs d'Exception 2014 AOP,C9B450F2F436CE883FBA8BF79B674326,18/02/2015 13:41:53,€,A64BA2BEA798CDD556F7E0EBFE63C432,97D59BBB0FA57E38380BF3415B38B044,655,1148,25108_Lidlfr_promo_1148_14499,Lidl.fr_promo,25108_Lidlfr_promo,25108,http://www.Lidl.fr/fr/offres-513.htm?id=596,,,,
25111_Lidlfr_promo_1148_14499,Nos offres/Mercredi 25/02|Savoie/Mercredi 25/02,400 g,Pralines aux amandes,25111_Lidlfr_promo,1 kg = 7.48 €,25111_Lidlfr_promo_1148,22,<strong class="price pricebutton" style="                color:#007d9b;            "> € 2.99  400 g  1 kg = 7.48 €,18,2.99,14499,6539C55D43797DA54B7D746B5C7AC827,Pralines aux amandes,FF97C88CE9F57CE721DAF4D05E5D4366,18/02/2015 13:41:54,€,DFEB9100EEF82F1729F563CDD5FB2451,821B7564A31A15C15F5670DE9E5E127D,655,1148,25111_Lidlfr_promo_1148_14499,Lidl.fr_promo,25111_Lidlfr_promo,25111,http://www.Lidl.fr/fr/offres-513.htm?id=596,,,,
25021_Lidlfr_promo_1148_14499,Nos offres/Lundi 23/02|Extérieur/Lundi 23/02,L'unité,Sac à végétaux pliable,25021_Lidlfr_promo,,25021_Lidlfr_promo_1148,21,<strong class="price pricebutton" style="                color:#4b650d;            "> € 4.99  L'unité,9,4.99,14499,1EC0F43A4795A9E8131872CADE2DA298,Sac à végétaux pliable,4AF9BDA3194FE491FC401C7E6DD7F7D3,18/02/2015 13:41:47,€,2BE5F522E9EA11102CC3D2AD0C6D874A,4A6691C609E4D04769C91B4B6F2D5358,655,1148,25021_Lidlfr_promo_1148_14499,Lidl.fr_promo,25021_Lidlfr_promo,25021,http://www.Lidl.fr/fr/offres-513.htm?id=594,,,,
24934_Lidlfr_promo_1148_14499,Nos promos/Moins cher,5 x 38 g au choix,Mentos,24934_Lidlfr_promo,1 kg = 7.68 €,24934_Lidlfr_promo_1148,25,<small class="pricecut" style="                color:#e52031;                            background-color:#ffffff;                            border:1px solid #e52031;            "> -30% <em class="priceold" style="                border-left: 2px solid #e52031;            "> 2.09   <small class="specialdesc" style="                background-color: #e52031;            ">18/02 - 24/02  <strong class="price pricebutton" style="                color:#e52031;            "> € 1.46    5 x 38 g au choix  1 kg = 7.68 €,11,1.46,14499,0D2D3D90DB2EAEA362930B63E0E4D106,Mentos,EEC6165CD41877595AB60297543D9F41,18/02/2015 13:42:04,€,D720C8116826B7BB085756A977F1F6A3,208983B70B0FC2F3844880698AF78A6F,655,1148,24934_Lidlfr_promo_1148_14499,Lidl.fr_promo,24934_Lidlfr_promo,24934,http://www.Lidl.fr/fr/moins-cher.htm,-30%,18/02 - 24/02,2.09,
24936_Lidlfr_promo_1148_14499,Nos promos/Moins cher,Soit le lot de 2 x 25 L,Le Chat Sensitive lessive liquide,24936_Lidlfr_promo,1 L = 2.55 €,24936_Lidlfr_promo_1148,25,<small class="pricecut" style="                color:#e52031;                            background-color:#ffffff;                            border:1px solid #e52031;            "> -50% sur le 2ème  <small class="specialdesc" style="                background-color: #e52031;            ">18/02 - 24/02  <strong class="price pricebutton" style="                color:#e52031;            "> € 12.73     Soit le lot de 2 x 25 L  1 L = 2.55 €,13,12.73,14499,C9FE6C447E8DD44984451FE8142381AF,Le Chat Sensitive lessive liquide,2963A35EE43E9CA79EAADF8C4EABF746,18/02/2015 13:42:04,€,3B834A19925A50F12E5EFB3611995C77,C0C29D6E2DD3F877B24A575D79081598,655,1148,24936_Lidlfr_promo_1148_14499,Lidl.fr_promo,24936_Lidlfr_promo,24936,http://www.Lidl.fr/fr/moins-cher.htm,-50% sur le 2ème,18/02 - 24/02,,
25159_Lidlfr_promo_1148_14499,Nos promos/Moins cher,480 g,4 saucisses de Toulouse,25159_Lidlfr_promo,1 kg = 4.35 €,25159_Lidlfr_promo_1148,25,<small class="pricecut" style="                color:#e52031;                            background-color:#ffffff;                            border:1px solid #e52031;            "> -21% <em class="priceold" style="                border-left: 2px solid #e52031;            "> 2.65   <small class="specialdesc" style="                background-color: #e52031;            ">25/02 - 03/03  <strong class="price pricebutton" style="                color:#e52031;            "> € 2.09    480 g  1 kg = 4.35 €,14,2.09,14499,E73ECEEA94CB88EC1AD17E96EAB6A903,4 saucisses de Toulouse,4858E20E3DFD9A553F73663D8AA29EDA,18/02/2015 13:42:04,€,056C5F09ED815EEFE87DDD2907340F0B,73A28B73543C4FE7C22EF24532315015,655,1148,25159_Lidlfr_promo_1148_14499,Lidl.fr_promo,25159_Lidlfr_promo,25159,http://www.Lidl.fr/fr/moins-cher.htm,-21%,25/02 - 03/03,2.65,
25160_Lidlfr_promo_1148_14499,Nos promos/Moins cher,340 g,4 diots de Savoie fumés,25160_Lidlfr_promo,1 kg = 5.85 €,25160_Lidlfr_promo_1148,25,<small class="pricecut" style="                color:#e52031;                            background-color:#ffffff;                            border:1px solid #e52031;            "> -20% <em class="priceold" style="                border-left: 2px solid #e52031;            "> 2.49   <small class="specialdesc" style="                background-color: #e52031;            ">25/02 - 03/03  <strong class="price pricebutton" style="                color:#e52031;            "> € 1.99    340 g  1 kg = 5.85 €,15,1.99,14499,02C2E2B1D347741983E32B870C0B997C,4 diots de Savoie fumés,B017D188D036E26630816387F55EC70D,18/02/2015 13:42:04,€,D6734AC25C8CC0F34A9B37BDE031BF4D,24D1F9DBB53D751422970F91CAA12DF6,655,1148,25160_Lidlfr_promo_1148_14499,Lidl.fr_promo,25160_Lidlfr_promo,25160,http://www.Lidl.fr/fr/moins-cher.htm,-20%,25/02 - 03/03,2.49,
25162_Lidlfr_promo_1148_14499,Nos promos/Moins cher,225 g,Saucisson sec Label Rouge,25162_Lidlfr_promo,1 kg = 9.73 €,25162_Lidlfr_promo_1148,25,<small class="pricecut" style="                color:#e52031;                            background-color:#ffffff;                            border:1px solid #e52031;            "> -21% <em class="priceold" style="                border-left: 2px solid #e52031;            "> 2.79   <small class="specialdesc" style="                background-color: #e52031;            ">25/02 - 03/03  <strong class="price pricebutton" style="                color:#e52031;            "> € 2.19    225 g  1 kg = 9.73 €,17,2.19,14499,01F8BF5BFBF337AE759977A03444D555,Saucisson sec Label Rouge,C88411BEBADA97EB162533563C0AD8E1,18/02/2015 13:42:04,€,1B4FB3E3AEC4C1DFA4030CA61FB88B35,53EFC88B91116CC2A1C96CB17DDAC5CF,655,1148,25162_Lidlfr_promo_1148_14499,Lidl.fr_promo,25162_Lidlfr_promo,25162,http://www.Lidl.fr/fr/moins-cher.htm,-21%,25/02 - 03/03,2.79,
25164_Lidlfr_promo_1148_14499,Nos promos/Moins cher,500 g,Feuillantine comtoise,25164_Lidlfr_promo,1 kg = 6.38 €,25164_Lidlfr_promo_1148,25,<small class="pricecut" style="                color:#e52031;                            background-color:#ffffff;                            border:1px solid #e52031;            "> -20% <em class="priceold" style="                border-left: 2px solid #e52031;            "> 3.99   <small class="specialdesc" style="                background-color: #e52031;            ">25/02 - 03/03  <strong class="price pricebutton" style="                color:#e52031;            "> € 3.19    500 g  1 kg = 6.38 €,19,3.19,14499,2EA180BDAA7B303CC171B3C5FCA43ADE,Feuillantine comtoise,8200A4FC37926FAFB55CB1B486D4403E,18/02/2015 13:42:05,€,96E5819FCE4536AA9874FAA1C473854C,7B4D37D410B3B267742787492C5CCA46,655,1148,25164_Lidlfr_promo_1148_14499,Lidl.fr_promo,25164_Lidlfr_promo,25164,http://www.Lidl.fr/fr/moins-cher.htm,-20%,25/02 - 03/03,3.99,
25166_Lidlfr_promo_1148_14499,Nos promos/Moins cher,Le kilo,Cantal entre-deux AOP,25166_Lidlfr_promo,,25166_Lidlfr_promo_1148,25,<small class="pricecut" style="                color:#e52031;                            background-color:#ffffff;                            border:1px solid #e52031;            "> -16% sur prix kilo <em class="priceold" style="                border-left: 2px solid #e52031;            "> 8.30   <small class="specialdesc" style="                background-color: #e52031;            ">25/02 - 03/03  <strong class="price pricebutton" style="                color:#e52031;            "> € 6.89    Le kilo,21,6.89,14499,78AAB42961AFD9E3AFFB800BC062D1FE,Cantal entre-deux AOP,C7A8271251BB1184E64ACF424A4D3331,18/02/2015 13:42:05,€,263332EBD9501F1E7841C5B0676711D3,CEACAF9856F429DADABB36E45A45C7E2,655,1148,25166_Lidlfr_promo_1148_14499,Lidl.fr_promo,25166_Lidlfr_promo,25166,http://www.Lidl.fr/fr/moins-cher.htm,-16% sur prix kilo,25/02 - 03/03,8.30,
25168_Lidlfr_promo_1148_14499,Nos promos/Moins cher,250 g,Madeleines,25168_Lidlfr_promo,1 kg = 5.16 €,25168_Lidlfr_promo_1148,25,<small class="pricecut" style="                color:#e52031;                            background-color:#ffffff;                            border:1px solid #e52031;            "> -18% <em class="priceold" style="                border-left: 2px solid #e52031;            "> 1.59   <small class="specialdesc" style="                background-color: #e52031;            ">25/02 - 03/03  <strong class="price pricebutton" style="                color:#e52031;            "> € 1.29    250 g  1 kg = 5.16 €,23,1.29,14499,F884AE2317855C3BB7C974CD74D79618,Madeleines,97FC3C95956A31FF21F1FE990881ADD7,18/02/2015 13:42:05,€,3B872658D8801EB4E990791A5EDD2D70,2EED49993F93259B52FE9AD0F9D0C190,655,1148,25168_Lidlfr_promo_1148_14499,Lidl.fr_promo,25168_Lidlfr_promo,25168,http://www.Lidl.fr/fr/moins-cher.htm,-18%,25/02 - 03/03,1.59,
24918_Lidlfr_promo_1148_14499,Nos promos/Moins cher,10 x 100 g,10 burgers à l'oignon,24918_Lidlfr_promo,,24918_Lidlfr_promo_1148,25,<small class="pricecut" style="                color:#e52031;                            background-color:#ffffff;                            border:1px solid #e52031;            "> -13% <em class="priceold" style="                border-left: 2px solid #e52031;            "> 3.59   <small class="specialdesc" style="                background-color: #e52031;            ">18/02 - 24/02  <strong class="price pricebutton" style="                color:#e52031;            "> € 3.09    10 x 100 g,2,3.09,14499,71EA4498975C19C94D97632A94530547,10 burgers à l'oignon,39FC0B98B5EF3491E8F7C9C8DC462401,18/02/2015 13:42:04,€,CD8850D54CEF944DA9CBBC31D0171E06,F1F8D9E8023B645373B6363E6A6EC18C,655,1148,24918_Lidlfr_promo_1148_14499,Lidl.fr_promo,24918_Lidlfr_promo,24918,http://www.Lidl.fr/fr/moins-cher.htm,-13%,18/02 - 24/02,3.59,
24921_Lidlfr_promo_1148_14499,Nos promos/Moins cher,Le sachet de 1 kg,Epinards en branches,24921_Lidlfr_promo,,24921_Lidlfr_promo_1148,25,<small class="pricecut" style="                color:#e52031;                            background-color:#ffffff;                            border:1px solid #e52031;            "> -19% <em class="priceold" style="                border-left: 2px solid #e52031;            "> 0.98   <small class="specialdesc" style="                background-color: #e52031;            ">18/02 - 24/02  <strong class="price pricebutton" style="                color:#e52031;            "> € 0.79    Le sachet de 1 kg,5,0.79,14499,BB1AFBBC3E2CD82812B11AE361EF1E80,Epinards en branches,E391FD959CFC6DC471DB07D9FC824FE6,18/02/2015 13:42:04,€,553280FD4B23C5BA889316C28A97A58A,8EB7BE5A13CC39A3E56B78ABA08B2039,655,1148,24921_Lidlfr_promo_1148_14499,Lidl.fr_promo,24921_Lidlfr_promo,24921,http://www.Lidl.fr/fr/moins-cher.htm,-19%,18/02 - 24/02,0.98,
24923_Lidlfr_promo_1148_14499,Nos promos/Moins cher,6 x 125 g,Yoplait Perle de Lait nature,24923_Lidlfr_promo,1 kg = 2.37 €,24923_Lidlfr_promo_1148,25,<small class="pricecut" style="                color:#e52031;                            background-color:#ffffff;                            border:1px solid #e52031;            "> -20% <em class="priceold" style="                border-left: 2px solid #e52031;            "> 2.23   <small class="specialdesc" style="                background-color: #e52031;            ">18/02 - 24/02  <strong class="price pricebutton" style="                color:#e52031;            "> € 1.78    6 x 125 g  1 kg = 2.37 €,7,1.78,14499,1B5B3ABCC53741D47AD8795682F0BC30,Yoplait Perle de Lait nature,6895AEE75100013E715560F4ED76318A,18/02/2015 13:42:04,€,ACD6E154D38E5D88BF96DF9B278D8A19,8FB4529686C80D0A7F8442F94024EB9F,655,1148,24923_Lidlfr_promo_1148_14499,Lidl.fr_promo,24923_Lidlfr_promo,24923,http://www.Lidl.fr/fr/moins-cher.htm,-20%,18/02 - 24/02,2.23,
24932_Lidlfr_promo_1148_14499,Nos promos/Moins cher,200 g au choix,Cookies au chocolat,24932_Lidlfr_promo,1 kg = 2.95 €,24932_Lidlfr_promo_1148,25,<small class="pricecut" style="                color:#e52031;                            background-color:#ffffff;                            border:1px solid #e52031;            "> -14% <em class="priceold" style="                border-left: 2px solid #e52031;            "> 0.69   <small class="specialdesc" style="                background-color: #e52031;            ">18/02 - 24/02  <strong class="price pricebutton" style="                color:#e52031;            "> € 0.59    200 g au choix  1 kg = 2.95 €,9,0.59,14499,7BECE1E8D64BBB4460FDCBAA962D91A3,Cookies au chocolat,3EF31F11D78E40A9F0EB68D79A509AE3,18/02/2015 13:42:04,€,7B9B784F65090B6308A5A617A410B540,817FA9146E77F93396B5B4A108F58CFA,655,1148,24932_Lidlfr_promo_1148_14499,Lidl.fr_promo,24932_Lidlfr_promo,24932,http://www.Lidl.fr/fr/moins-cher.htm,-14%,18/02 - 24/02,0.69,
25041_Lidlfr_promo_1148_14499,Nos promos/Fruits & légumes,Le filet de 1 kg,Tomates,25041_Lidlfr_promo,,25041_Lidlfr_promo_1148,27,<small class="specialdesc" style="                background-color: #f1830c;            ">18/02 - 21/02  <strong class="price pricebutton" style="                color:#cf6d04;            "> € 0.99    Le filet de 1 kg,1,0.99,14499,B3C5ED276F9D7F1493AB2E77658B92B8,Tomates,09E7E6157A34E4CA90B913E28496856A,18/02/2015 13:42:10,€,4028E21E56F52FC9137F8611BDEDBC8B,F0B77BE6BB9550347D8763F2518CB312,655,1148,25041_Lidlfr_promo_1148_14499,Lidl.fr_promo,25041_Lidlfr_promo,25041,http://www.Lidl.fr/fr/fruits-legumes.htm,,18/02 - 21/02,,
25043_Lidlfr_promo_1148_14499,Nos promos/Fruits & légumes,Le filet de 500 g,Oignons rouges,25043_Lidlfr_promo,1 kg = 2.98 €,25043_Lidlfr_promo_1148,27,<small class="specialdesc" style="                background-color: #f1830c;            ">18/02 - 21/02  <strong class="price pricebutton" style="                color:#cf6d04;            "> € 1.49    Le filet de 500 g  1 kg = 2.98 €,3,1.49,14499,AF0D27B2AABD25532583F4EC8394FFB3,Oignons rouges,440E61646A801C47647F8C5C9EA65230,18/02/2015 13:42:11,€,6BAAFD0FDEAA4D259F0B2632668E31DE,E8F4D8F59F34AC30A908AF58D123135A,655,1148,25043_Lidlfr_promo_1148_14499,Lidl.fr_promo,25043_Lidlfr_promo,25043,http://www.Lidl.fr/fr/fruits-legumes.htm,,18/02 - 21/02,,
24981_Lidlfr_promo_1148_14499,Nos promos/Bonnes affaires,L'unité au choix,Cadenas,24981_Lidlfr_promo,,24981_Lidlfr_promo_1148,29,<small class="specialdesc" style="                background-color: #1f4fb8;            ">19/02 - 19/02  <strong class="price pricebutton" style="                color:#1f4fb8;            "> € 4.99    L'unité au choix,1,4.99,14499,9AA6F34CDC4C32F13BF251DAB6F54F3C,Cadenas,4A44EEB83833209B0D2B2DEEA9D3F6CB,18/02/2015 13:42:18,€,4086200CD3B600E99F4455B3E46A8F9F,9ADBAADF095C8DE0D2D0B53FE92A5DBB,655,1148,24981_Lidlfr_promo_1148_14499,Lidl.fr_promo,24981_Lidlfr_promo,24981,http://www.Lidl.fr/fr/bonnes-affaires.htm,,19/02 - 19/02,,
24990_Lidlfr_promo_1148_14499,Nos promos/Bonnes affaires,L'unité au choix,Jeu de construction,24990_Lidlfr_promo,,24990_Lidlfr_promo_1148,29,<small class="specialdesc" style="                background-color: #1f4fb8;            ">19/02 - 19/02  <strong class="price pricebutton" style="                color:#1f4fb8;            "> € 7.99    L'unité au choix,2,7.99,14499,236F73BB129F25B0CB70223223B12BA5,Jeu de construction,D1F384BB79B4DF5AD64C536AAC871B79,18/02/2015 13:42:19,€,A63811A53EA429C90E694B2EEEFCD662,D2B6D861D66FA14BB7CF8C6112D13E0D,655,1148,24990_Lidlfr_promo_1148_14499,Lidl.fr_promo,24990_Lidlfr_promo,24990,http://www.Lidl.fr/fr/bonnes-affaires.htm,,19/02 - 19/02,,
25171_Lidlfr_promo_1148_14499,Nos promos/Moins cher,75 cl,Côtes du Rhône Domaine AOP,25171_Lidlfr_promo,1 L = 2.65 €,25171_Lidlfr_promo_1148,25,<small class="pricecut" style="                color:#e52031;                            background-color:#ffffff;                            border:1px solid #e52031;            "> Moins cher ! <em class="priceold" style="                border-left: 2px solid #e52031;            "> 2.19   <small class="specialdesc" style="                background-color: #e52031;            ">25/02 - 03/03  <strong class="price pricebutton" style="                color:#e52031;            "> € 1.99    75 cl  1 L = 2.65 €,26,1.99,14499,B24A658FE4040F018ADD9E20411C26BC,Côtes du Rhône Domaine AOP,FE5B83C46B7CA00328976F73368DEF7C,18/02/2015 13:42:05,€,B80D2C8614E56C36CEBC195717529B5D,3F485403B8671C13C3BF51FEE6E02132,655,1148,25171_Lidlfr_promo_1148_14499,Lidl.fr_promo,25171_Lidlfr_promo,25171,http://www.Lidl.fr/fr/moins-cher.htm,Moins cher !,25/02 - 03/03,2.19,
25036_Lidlfr_promo_1148_14499,Nos promos/Super samedi,75 cl,Zinfandel Vin de Californie rosé,25036_Lidlfr_promo,1 L = 1.72 €,25036_Lidlfr_promo_1148,26,<small class="pricecut" style="                color:#e52031;                            background-color:#ffffff;                            border:1px solid #e52031;            "> -50% <em class="priceold" style="                border-left: 2px solid #e52031;            "> 2.59   <small class="specialdesc" style="                background-color: #e52031;            ">21/02 - 21/02  <strong class="price pricebutton" style="                color:#e52031;            "> € 1.29    75 cl  1 L = 1.72 €,1,1.29,14499,9CAA62442A7CC7965124772DA6F2296B,Zinfandel Vin de Californie rosé,E0B7CA03C18F75D4E4625C7B3FFCB97B,18/02/2015 13:42:07,€,46F86638A7C529AB8CC63F0ED4870BD4,DA383B7F4FB8B92BB70373274BFA6879,655,1148,25036_Lidlfr_promo_1148_14499,Lidl.fr_promo,25036_Lidlfr_promo,25036,http://www.Lidl.fr/fr/super-samedi.htm,-50%,21/02 - 21/02,2.59,
25047_Lidlfr_promo_1148_14499,Nos promos/Fruits & légumes,Le filet de 25 kg,Pommes de terre rouges,25047_Lidlfr_promo,1 kg = 0.40 €,25047_Lidlfr_promo_1148,27,<small class="specialdesc" style="                background-color: #f1830c;            ">18/02 - 21/02  <strong class="price pricebutton" style="                color:#cf6d04;            "> € 0.99    Le filet de 25 kg  1 kg = 0.40 €,5,0.99,14499,DCC459F5A1FCA514DA0FE164AC745002,Pommes de terre rouges,A0CC74BA9B6B635963BBCA3EC4A1657D,18/02/2015 13:42:11,€,87AC8310E13E968D54D4146D8436625B,4DAAB94B22B63A9E47C1762083A4C9E0,655,1148,25047_Lidlfr_promo_1148_14499,Lidl.fr_promo,25047_Lidlfr_promo,25047,http://www.Lidl.fr/fr/fruits-legumes.htm,,18/02 - 21/02,,
24992_Lidlfr_promo_1148_14499,Nos promos/Bonnes affaires,L'unité au choix,Voiture télécommandée,24992_Lidlfr_promo,,24992_Lidlfr_promo_1148,29,<small class="specialdesc" style="                background-color: #1f4fb8;            ">19/02 - 19/02  <strong class="price pricebutton" style="                color:#1f4fb8;            "> € 17.99 *   L'unité au choix,4,17.99,14499,88E3BDC448188C614B760E75C86BCFE3,Voiture télécommandée,6BDC732F4395D2A82AEC62EE71A9FF68,18/02/2015 13:42:19,€,4C11C3DA8D395846059A5903CD790342,E809EFCDEDFD3421D6AF8AA39F754F7B,655,1148,24992_Lidlfr_promo_1148_14499,Lidl.fr_promo,24992_Lidlfr_promo,24992,http://www.Lidl.fr/fr/bonnes-affaires.htm,,19/02 - 19/02,,
24974_Lidlfr_promo_1148_14499,Nos promos/Plantes & fleurs,La barquette de 10 plans,Primevère acaulis,24974_Lidlfr_promo,Le 18/02,24974_Lidlfr_promo_1148,28,<strong class="price pricebutton" style="                color:#f05660;            "> € 2.49  La barquette de 10 plans  Le 18/02,2,2.49,14499,803217FCA54B74A204BD3902B3C021BF,Primevère acaulis,099578B4577D89C2E81E858AC0BFFFA3,18/02/2015 13:42:15,€,E40CF187E299D23ECA230BBAB3439777,F138E593207A9B63CE9A539AA94337BC,655,1148,24974_Lidlfr_promo_1148_14499,Lidl.fr_promo,24974_Lidlfr_promo,24974,http://www.Lidl.fr/fr/plantes-fleurs.htm,,,,
24867_Lidlfr_promo_1673_14499,Nos offres/Mercredi 18/02|USA/Mercredi 18/02,200 g,Chips goût barbecue,24867_Lidlfr_promo,1 kg = 4.95 €,24867_Lidlfr_promo_1673,33,<strong class="price pricebutton" style="                color:#d83b30;            "> € 0.99  200 g  1 kg = 4.95 €,2,0.99,14499,324158FC1BEF0BE782A8BD32B13CEDB7,Chips goût barbecue,4CF6E70B2E2C2BEA46C94F859ADE3782,18/02/2015 13:42:50,€,8EC72AADF0A0D39A6C6F10D27562D279,CBEC56EA8D7B1D9787F7C1297488C798,657,1673,24867_Lidlfr_promo_1673_14499,Lidl.fr_promo,24867_Lidlfr_promo,24867,http://www.Lidl.fr/fr/offres-513.htm?id=591,,,,
24869_Lidlfr_promo_1673_14499,Nos offres/Mercredi 18/02|USA/Mercredi 18/02,480/490/500 ml au choix,Sauce,24869_Lidlfr_promo,1 L = 3.10 €,24869_Lidlfr_promo_1673,33,<strong class="price pricebutton" style="                color:#d83b30;            "> € 1.49  480/490/500 ml au choix  1 L = 3.10 €,4,1.49,14499,287B805F7C2564A1070061BB00695E79,Sauce,D7BBBC4C9FF4DA473EC08D9B7AD1FB16,18/02/2015 13:42:50,€,C2C09AB6C6569EC7DC7EC2D21AD1F55A,CEC819FA603E0B3F17E6AEAF4A6E6890,657,1673,24869_Lidlfr_promo_1673_14499,Lidl.fr_promo,24869_Lidlfr_promo,24869,http://www.Lidl.fr/fr/offres-513.htm?id=591,,,,
24870_Lidlfr_promo_1673_14499,Nos offres/Mercredi 18/02|USA/Mercredi 18/02,400 g (PNE),Cornichons tranchés,24870_Lidlfr_promo,1 kg = 3.73 €,24870_Lidlfr_promo_1673,33,<strong class="price pricebutton" style="                color:#d83b30;            "> € 1.49  400 g (PNE)  1 kg = 3.73 €,5,1.49,14499,FCF74CCD0088FF5C7A1AD530C219490E,Cornichons tranchés,499B9DFB8D3F679B86902CCBBB713CD7,18/02/2015 13:42:51,€,9C3293EF612EB06ED1917355C943563E,8AC8AB5790BE587836C18B1E2184BAC0,657,1673,24870_Lidlfr_promo_1673_14499,Lidl.fr_promo,24870_Lidlfr_promo,24870,http://www.Lidl.fr/fr/offres-513.htm?id=591,,,,
24874_Lidlfr_promo_1673_14499,Nos offres/Mercredi 18/02|USA/Mercredi 18/02,420/438/450 g au choix,Crème glacée,24874_Lidlfr_promo,1 kg = 6.40 €,24874_Lidlfr_promo_1673,33,<strong class="price pricebutton" style="                color:#d83b30;            "> € 2.69  420/438/450 g au choix  1 kg = 6.40 €,11,2.69,14499,25F31E71CA324FAAB35CDF368E58A90F,Crème glacée,651F0B254B888A922DD50E5D3874D3F7,18/02/2015 13:42:52,€,420924056BF0827B7C0497A2E95FA135,AA08CAA980FEA246EBCFF950B4EAE2E7,657,1673,24874_Lidlfr_promo_1673_14499,Lidl.fr_promo,24874_Lidlfr_promo,24874,http://www.Lidl.fr/fr/offres-513.htm?id=591,,,,
24876_Lidlfr_promo_1673_14499,Nos offres/Mercredi 18/02|USA/Mercredi 18/02,200 g,Préparation pour pancakes,24876_Lidlfr_promo,1 kg = 6.45 €,24876_Lidlfr_promo_1673,33,<strong class="price pricebutton" style="                color:#d83b30;            "> € 1.29  200 g  1 kg = 6.45 €,12,1.29,14499,15760803F05A86F2F782709737225DAD,Préparation pour pancakes,5B8E0F1CAD395E41655FD1AAD0D12F3B,18/02/2015 13:42:52,€,F7B3C743A3503B929DA9E1DEB5AD0F6A,E04F87E54CA47E7AAC0FDE5F55A2B928,657,1673,24876_Lidlfr_promo_1673_14499,Lidl.fr_promo,24876_Lidlfr_promo,24876,http://www.Lidl.fr/fr/offres-513.htm?id=591,,,,
24878_Lidlfr_promo_1673_14499,Nos offres/Mercredi 18/02|USA/Mercredi 18/02,300 g,6 pancakes,24878_Lidlfr_promo,1 kg = 5.30 €,24878_Lidlfr_promo_1673,33,<strong class="price pricebutton" style="                color:#d83b30;            "> € 1.59  300 g  1 kg = 5.30 €,14,1.59,14499,39A227E823C6C016913580FDF977E3C8,6 pancakes,7949CB8185B5EAE9C23F8A6597087153,18/02/2015 13:42:53,€,BFFAE1E1C8170E4E3B7C3F853A529361,519FAB1C21E011CB83230C17046B5CF2,657,1673,24878_Lidlfr_promo_1673_14499,Lidl.fr_promo,24878_Lidlfr_promo,24878,http://www.Lidl.fr/fr/offres-513.htm?id=591,,,,
24881_Lidlfr_promo_1673_14499,Nos offres/Mercredi 18/02|USA/Mercredi 18/02,454 g au choix,Beurre de cacahuète,24881_Lidlfr_promo,1 kg = 5.70 €,24881_Lidlfr_promo_1673,33,<strong class="price pricebutton" style="                color:#d83b30;            "> € 2.59  454 g au choix  1 kg = 5.70 €,17,2.59,14499,1C699B1B2FB3F45D26D8AA3D1B68C578,Beurre de cacahuète,AA94A5BEEA4637ED240AFC3ECB431DE5,18/02/2015 13:42:54,€,4AFE05CA91E3C5712E9365A01F908349,D0A194DC29EE00D2F22EF573F2D7097F,657,1673,24881_Lidlfr_promo_1673_14499,Lidl.fr_promo,24881_Lidlfr_promo,24881,http://www.Lidl.fr/fr/offres-513.htm?id=591,,,,
24791_Lidlfr_promo_1673_14499,Nos offres/Lundi 16/02|Mode enfant/Lundi 16/02,L'unité au choix,Veste imperméable fille,24791_Lidlfr_promo,,24791_Lidlfr_promo_1673,31,<strong class="price pricebutton" style="                color:#ee73aa;            "> € 9.99  L'unité au choix,3,9.99,14499,A3174B0429A75D7D038971C8AB266A12,Veste imperméable fille,316E8EDCD677051D8CD2C64A5227EA07,18/02/2015 13:42:40,€,AB15C56D6D22890646EF0C98877722A5,2933FEB99140863146F78CA650897C2F,657,1673,24791_Lidlfr_promo_1673_14499,Lidl.fr_promo,24791_Lidlfr_promo,24791,http://www.Lidl.fr/fr/offres-513.htm?id=588,,,,
24793_Lidlfr_promo_1673_14499,Nos offres/Lundi 16/02|Mode enfant/Lundi 16/02,Le lot au choix,2 tee-shirts manches longues fille ou garçon,24793_Lidlfr_promo,,24793_Lidlfr_promo_1673,31,<strong class="price pricebutton" style="                color:#ee73aa;            "> € 3.49  Le lot au choix,5,3.49,14499,FB812EBB66A20A4E8EF413A165C3593A,2 tee-shirts manches longues fille ou garçon,F04A2F785BE7D2FC9CF1687DFA0664D4,18/02/2015 13:42:40,€,63C9CAA9659FC1CB86CF0DA7F5A48613,FDB2B215ACA454782C69BC1EE9A85D81,657,1673,24793_Lidlfr_promo_1673_14499,Lidl.fr_promo,24793_Lidlfr_promo,24793,http://www.Lidl.fr/fr/offres-513.htm?id=588,,,,
24766_Lidlfr_promo_1673_14499,Nos offres/Lundi 16/02|Auto/Moto/Lundi 16/02,La paire au choix,Chaussettes de moto,24766_Lidlfr_promo,,24766_Lidlfr_promo_1673,32,<strong class="price pricebutton" style="                color:#f17230;            "> € 2.99  La paire au choix,11,2.99,14499,A2818279F29CBA4AF8201613E3A799C2,Chaussettes de moto,BD321584629E17999195DA8DF0892705,18/02/2015 13:42:46,€,D77997F7FE988048D5031AB4F9B2881E,4527D8D0B1692F0BFD2480464BB20457,657,1673,24766_Lidlfr_promo_1673_14499,Lidl.fr_promo,24766_Lidlfr_promo,24766,http://www.Lidl.fr/fr/offres-513.htm?id=589,,,,
24768_Lidlfr_promo_1673_14499,Nos offres/Lundi 16/02|Auto/Moto/Lundi 16/02,L'unité,Galerie porte-bagages en aluminium,24768_Lidlfr_promo,,24768_Lidlfr_promo_1673,32,<strong class="price pricebutton" style="                color:#f17230;            "> € 34.99  L'unité,13,34.99,14499,11FA63F75DCEF42480C4D81334E39F12,Galerie porte-bagages en aluminium,765E43A062AB47408B30BB60BD7DEC66,18/02/2015 13:42:46,€,98C4E147A658020E8143DF2345E0FBAB,B073CE3B662C38AB02C8FD02CE384A44,657,1673,24768_Lidlfr_promo_1673_14499,Lidl.fr_promo,24768_Lidlfr_promo,24768,http://www.Lidl.fr/fr/offres-513.htm?id=589,,,,
24757_Lidlfr_promo_1673_14499,Nos offres/Lundi 16/02|Auto/Moto/Lundi 16/02,L'unité au choix,Maillot technique de moto homme,24757_Lidlfr_promo,,24757_Lidlfr_promo_1673,32,<strong class="price pricebutton" style="                color:#f17230;            "> € 14.99  L'unité au choix,3,14.99,14499,1B145E2EBDCB136FC00500E3C1174F8C,Maillot technique de moto homme,803A607AEA8B915049FD83D0FA7401E7,18/02/2015 13:42:44,€,BFDFFF0B626BBEDC31C408E644564794,8A4698917FE654CFB25A8BE97C24B4B3,657,1673,24757_Lidlfr_promo_1673_14499,Lidl.fr_promo,24757_Lidlfr_promo,24757,http://www.Lidl.fr/fr/offres-513.htm?id=589,,,,
24760_Lidlfr_promo_1673_14499,Nos offres/Lundi 16/02|Auto/Moto/Lundi 16/02,La paire,Gants de moto,24760_Lidlfr_promo,,24760_Lidlfr_promo_1673,32,<strong class="price pricebutton" style="                color:#f17230;            "> € 19.99  La paire,5,19.99,14499,72D518DF3D9FF3C968C86B14D54558D0,Gants de moto,046DFE3CD023591756D89DD59E23B448,18/02/2015 13:42:44,€,E410D628AC96C4B58DD3E4356E8DDF8D,6B41F17ABD11BBC46176560B301A4E24,657,1673,24760_Lidlfr_promo_1673_14499,Lidl.fr_promo,24760_Lidlfr_promo,24760,http://www.Lidl.fr/fr/offres-513.htm?id=589,,,,
24762_Lidlfr_promo_1673_14499,Nos offres/Lundi 16/02|Auto/Moto/Lundi 16/02,L'unité,Cagoule moto,24762_Lidlfr_promo,,24762_Lidlfr_promo_1673,32,<strong class="price pricebutton" style="                color:#f17230;            "> € 4.99  L'unité,7,4.99,14499,551105CE5828048CAC5EA8A486AAE3C8,Cagoule moto,C93490F1C57CD96F659AA60A862540BF,18/02/2015 13:42:45,€,F62103016B09958B495F2D0E538D5A3A,DCE4D150D598F12D9B87A16283857712,657,1673,24762_Lidlfr_promo_1673_14499,Lidl.fr_promo,24762_Lidlfr_promo,24762,http://www.Lidl.fr/fr/offres-513.htm?id=589,,,,
24764_Lidlfr_promo_1673_14499,Nos offres/Lundi 16/02|Auto/Moto/Lundi 16/02,L'unité,Ceinture lombaire,24764_Lidlfr_promo,,24764_Lidlfr_promo_1673,32,<strong class="price pricebutton" style="                color:#f17230;            "> € 4.99  L'unité,9,4.99,14499,DFEEA130B2B3DCA1D4D52EF9F2D4D9E3,Ceinture lombaire,B5F340A82B84C0BE34624FE70340A9B9,18/02/2015 13:42:45,€,A088CE5D09083062B299AC3EF8842B84,44B8B1B5C2C259DF31D9D9B0F53BE68B,657,1673,24764_Lidlfr_promo_1673_14499,Lidl.fr_promo,24764_Lidlfr_promo,24764,http://www.Lidl.fr/fr/offres-513.htm?id=589,,,,
24872_Lidlfr_promo_1673_14499,Nos offres/Mercredi 18/02|USA/Mercredi 18/02,500 g au choix,Spare ribs (travers de porc),24872_Lidlfr_promo,1 kg = 6.98 €,24872_Lidlfr_promo_1673,33,<strong class="price pricebutton" style="                color:#d83b30;            "> € 3.49  500 g au choix  1 kg = 6.98 €,7,3.49,14499,A11AFA0709EF52CB0023DF67674C7578,Spare ribs (travers de porc),802B4D2E580C1AE20FB85676E90C33A9,18/02/2015 13:42:51,€,66DB8775210223CE9DA959041B1006B0,B6E61F3A46000AF53590F293DCF35C20,657,1673,24872_Lidlfr_promo_1673_14499,Lidl.fr_promo,24872_Lidlfr_promo,24872,http://www.Lidl.fr/fr/offres-513.htm?id=591,,,,
24755_Lidlfr_promo_1673_14499,Nos offres/Lundi 16/02|Auto/Moto/Lundi 16/02,L'unité au choix,Etui pour GPS ou manchons scooter,24755_Lidlfr_promo,,24755_Lidlfr_promo_1673,32,<strong class="price pricebutton" style="                color:#f17230;            "> € 9.99  L'unité au choix,1,9.99,14499,757DEF678AE091C9EC98E9F75972B931,Etui pour GPS ou manchons scooter,AE0075ECBABD5A53EADE7908418F5654,18/02/2015 13:42:43,€,C7E2B9CDD3FD50D566ECD2878332C256,96BC82D11851FAD841C56BAC26D777A6,657,1673,24755_Lidlfr_promo_1673_14499,Lidl.fr_promo,24755_Lidlfr_promo,24755,http://www.Lidl.fr/fr/offres-513.htm?id=589,,,,
25011_Lidlfr_promo_1673_14499,Nos offres/Lundi 23/02|Extérieur/Lundi 23/02,L'aérosol de 400 ml,Peinture de protection pour métaux,25011_Lidlfr_promo,1 L = 7.47 €,25011_Lidlfr_promo_1673,36,<strong class="price pricebutton" style="                color:#4b650d;            "> € 2.99  L'aérosol de 400 ml  1 L = 7.47 €,1,2.99,14499,88D6E70BCF3AD2B32B0599B306168897,Peinture de protection pour métaux,775AB162AC3834F7D467888DBCD9AA9C,18/02/2015 13:43:05,€,0540510A7D6425FD6FD5CB75B14606A8,68E3BF852693AD8A72F32FDFE50DC6D4,657,1673,25011_Lidlfr_promo_1673_14499,Lidl.fr_promo,25011_Lidlfr_promo,25011,http://www.Lidl.fr/fr/offres-513.htm?id=594,,,,
25013_Lidlfr_promo_1673_14499,Nos offres/Lundi 23/02|Extérieur/Lundi 23/02,Le pot de 5 L,Lasure déco longue durée,25013_Lidlfr_promo,1 L = 2.59 €,25013_Lidlfr_promo_1673,36,<strong class="price pricebutton" style="                color:#4b650d;            "> € 12.99  Le pot de 5 L  1 L = 2.59 €,3,12.99,14499,29A5B314A169C686578D6DB70D085FF2,Lasure déco longue durée,9FC98886C37EAFF97F8B4F4D1F46F6D6,18/02/2015 13:43:06,€,932DCDEF961C3D6274C18DF8AB3061DF,7DAC0F8F86AFC0DB7F7854D370346127,657,1673,25013_Lidlfr_promo_1673_14499,Lidl.fr_promo,25013_Lidlfr_promo,25013,http://www.Lidl.fr/fr/offres-513.htm?id=594,,,,
24832_Lidlfr_promo_1673_14499,Nos offres/Jeudi 19/02|Douce nuit/Jeudi 19/02,La parure au choix,Parure de lit en coton renforcé,24832_Lidlfr_promo,,24832_Lidlfr_promo_1673,34,<strong class="price pricebutton" style="                color:#a65c9b;            "> à partir de  € 11.99  La parure au choix,1,11.99,14499,732CD9DCF1D6AC835A83301146A14E2A,Parure de lit en coton renforcé,2F7FB6B4E76947422C0C7C617117066F,18/02/2015 13:42:56,€,F662C386D97FC6E6C88E906D1CFC1255,659F7811510C2A2B265A09A56095C702,657,1673,24832_Lidlfr_promo_1673_14499,Lidl.fr_promo,24832_Lidlfr_promo,24832,http://www.Lidl.fr/fr/offres-513.htm?id=590,,,,
24836_Lidlfr_promo_1673_14499,Nos offres/Jeudi 19/02|Douce nuit/Jeudi 19/02,L'unité,Coussin en microfibre,24836_Lidlfr_promo,,24836_Lidlfr_promo_1673,34,<strong class="price pricebutton" style="                color:#a65c9b;            "> € 8.99  L'unité,2,8.99,14499,201F70778F5BC24C0BE89A76D83D7E77,Coussin en microfibre,52A2B1A21A6F5FC1709503A8CB4F6E62,18/02/2015 13:42:57,€,6E7AA152F84366C5F12E42EB5BDD32BC,BD44F20EE6AC130433C642094CECD336,657,1673,24836_Lidlfr_promo_1673_14499,Lidl.fr_promo,24836_Lidlfr_promo,24836,http://www.Lidl.fr/fr/offres-513.htm?id=590,,,,
24845_Lidlfr_promo_1673_14499,Nos offres/Jeudi 19/02|Douce nuit/Jeudi 19/02,L'unité au choix,Drap-housse en jersey,24845_Lidlfr_promo,,24845_Lidlfr_promo_1673,34,<strong class="price pricebutton" style="                color:#a65c9b;            "> à partir de  € 5.99  L'unité au choix,5,5.99,14499,757D15BF82CD331E8B8EC09F47FEE82E,Drap-housse en jersey,9F9C27DBA5497E8B3AD996EF6C03E38C,18/02/2015 13:42:57,€,19845ED5718F136076CF40ED507D6ED8,FB8AF9B1003EAAF5C36F2F065DA4FCA0,657,1673,24845_Lidlfr_promo_1673_14499,Lidl.fr_promo,24845_Lidlfr_promo,24845,http://www.Lidl.fr/fr/offres-513.htm?id=590,,,,
24847_Lidlfr_promo_1673_14499,Nos offres/Jeudi 19/02|Douce nuit/Jeudi 19/02,L'ensemble au choix,Pyjama homme,24847_Lidlfr_promo,,24847_Lidlfr_promo_1673,34,<strong class="price pricebutton" style="                color:#a65c9b;            "> € 9.99  L'ensemble au choix,7,9.99,14499,1D339B0311A10653DCFE4B3DBB6A4F24,Pyjama homme,0E4918DF3207CB8E6731C00EA142A0E2,18/02/2015 13:42:58,€,0647AC05A2EE890CF8F47183D8463A72,0743832AD29F3A3EE0F01243AABBC3B8,657,1673,24847_Lidlfr_promo_1673_14499,Lidl.fr_promo,24847_Lidlfr_promo,24847,http://www.Lidl.fr/fr/offres-513.htm?id=590,,,,
24861_Lidlfr_promo_1673_14499,Nos offres/Jeudi 19/02|Douce nuit/Jeudi 19/02,L'unité au choix,Lampe halogène à pince,24861_Lidlfr_promo,,24861_Lidlfr_promo_1673,34,<strong class="price pricebutton" style="                color:#a65c9b;            "> € 5.99  L'unité au choix,9,5.99,14499,56CEC8B7309F8D033E5153557413A3C8,Lampe halogène à pince,0E70C28D580D456F05E98F32ACE2A75F,18/02/2015 13:42:58,€,9BF2C762B018ECA038E2B60773F3DA70,4EE81D87959972EC4F7D90FAE46639F5,657,1673,24861_Lidlfr_promo_1673_14499,Lidl.fr_promo,24861_Lidlfr_promo,24861,http://www.Lidl.fr/fr/offres-513.htm?id=590,,,,
24863_Lidlfr_promo_1673_14499,Nos offres/Jeudi 19/02|Douce nuit/Jeudi 19/02,La paire au choix,Lunettes pliables avec étui,24863_Lidlfr_promo,,24863_Lidlfr_promo_1673,34,<strong class="price pricebutton" style="                color:#a65c9b;            "> € 3.49  La paire au choix,10,3.49,14499,FC73D134E638DFB2A01F4E2D4B1FCD4D,Lunettes pliables avec étui,9D9855EB0A3066B93F795B2AF99E80B5,18/02/2015 13:42:58,€,FFC0594CA4E54984583D349A7868DE07,66A733FEBE222A5F3AE377F413C19305,657,1673,24863_Lidlfr_promo_1673_14499,Lidl.fr_promo,24863_Lidlfr_promo,24863,http://www.Lidl.fr/fr/offres-513.htm?id=590,,,,
24948_Lidlfr_promo_1673_14499,Nos offres/Jeudi 19/02|Maison/Jeudi 19/02,Le lot ou l'unité au choix,Accessoire(s) de décoration,24948_Lidlfr_promo,,24948_Lidlfr_promo_1673,35,<strong class="price pricebutton" style="                color:#f3846a;            "> € 2.99  Le lot ou l'unité au choix,6,2.99,14499,EFCC13E7D52FA89A702DD787F5A7D3BB,Accessoire(s) de décoration,66B5E6D66FD5EA783F2B78353BAA6FFD,18/02/2015 13:43:02,€,3FE39EC5FD942C2E27D322992B89C260,4579B0511A0E6319628FFC17CC6B3998,657,1673,24948_Lidlfr_promo_1673_14499,Lidl.fr_promo,24948_Lidlfr_promo,24948,http://www.Lidl.fr/fr/offres-513.htm?id=592,,,,
24951_Lidlfr_promo_1673_14499,Nos offres/Jeudi 19/02|Maison/Jeudi 19/02,L'unité au choix,Coussin,24951_Lidlfr_promo,,24951_Lidlfr_promo_1673,35,<strong class="price pricebutton" style="                color:#f3846a;            "> € 4.99  L'unité au choix,9,4.99,14499,D7B65F415935B4C6E8FC46C1D513C9AF,Coussin,DB94822E691460620E7127EB9BE9ABB2,18/02/2015 13:43:03,€,6862ED141663D18583F778D63E96B9CA,493733B1EA397D196293BBF12B839A4F,657,1673,24951_Lidlfr_promo_1673_14499,Lidl.fr_promo,24951_Lidlfr_promo,24951,http://www.Lidl.fr/fr/offres-513.htm?id=592,,,,
25015_Lidlfr_promo_1673_14499,Nos offres/Lundi 23/02|Extérieur/Lundi 23/02,Le set au choix,Set de pinceaux,25015_Lidlfr_promo,,25015_Lidlfr_promo_1673,36,<strong class="price pricebutton" style="                color:#4b650d;            "> € 7.99  Le set au choix,5,7.99,14499,90E795C57E39768FC257ED2097F19CC0,Set de pinceaux,A79B4C6DEAF25B5A25A69E540B7D7213,18/02/2015 13:43:06,€,018D9A5BA34F657B703450D4800460C1,05204FDF0A9A07A4EAC25EC99AF7AE24,657,1673,25015_Lidlfr_promo_1673_14499,Lidl.fr_promo,25015_Lidlfr_promo,25015,http://www.Lidl.fr/fr/offres-513.htm?id=594,,,,
25017_Lidlfr_promo_1673_14499,Nos offres/Lundi 23/02|Extérieur/Lundi 23/02,L'unité,Pulvérisateur à pression,25017_Lidlfr_promo,,25017_Lidlfr_promo_1673,36,<strong class="price pricebutton" style="                color:#4b650d;            "> € 3.99  L'unité,7,3.99,14499,F67C5529EAAE30C012301FAD5CBAA27C,Pulvérisateur à pression,9CF7EBD519373E63BFB4A735079F0A49,18/02/2015 13:43:07,€,E5A8952DA69E6ADA14558B0FF0E84A01,DB4AF40394D17C2399D9B2BECF0A961D,657,1673,25017_Lidlfr_promo_1673_14499,Lidl.fr_promo,25017_Lidlfr_promo,25017,http://www.Lidl.fr/fr/offres-513.htm?id=594,,,,
24946_Lidlfr_promo_1673_14499,Nos offres/Jeudi 19/02|Maison/Jeudi 19/02,Le lot au choix,4 boutons de meuble,24946_Lidlfr_promo,,24946_Lidlfr_promo_1673,35,<strong class="price pricebutton" style="                color:#f3846a;            "> € 3.99*  Le lot au choix,3,3.99,14499,5BF96FE7A5AEF8C93763054BD75CEEA3,4 boutons de meuble,B3277CBBC38B2BFBA8383C249A7391FC,18/02/2015 13:43:01,€,A5680643C303702E13EE889AA9870F40,52AC89F6FD092A77578033A1B21594FF,657,1673,24946_Lidlfr_promo_1673_14499,Lidl.fr_promo,24946_Lidlfr_promo,24946,http://www.Lidl.fr/fr/offres-513.htm?id=592,,,,
24953_Lidlfr_promo_1673_14499,Nos offres/Jeudi 19/02|Maison/Jeudi 19/02,Le lot au choix,2 sets de table,24953_Lidlfr_promo,,24953_Lidlfr_promo_1673,35,<strong class="price pricebutton" style="                color:#f3846a;            "> € 2.99  Le lot au choix,11,2.99,14499,C187C295D50FEE21F9F053E69D7C9FEB,2 sets de table,726F6DEAFEA6AFDE5719AF6AA9E391BA,18/02/2015 13:43:03,€,B312CD44400BA87B58F21FD98D98DB49,ABC8818C03E3574658E1A5DD95D2FF8D,657,1673,24953_Lidlfr_promo_1673_14499,Lidl.fr_promo,24953_Lidlfr_promo,24953,http://www.Lidl.fr/fr/offres-513.htm?id=592,,,,
24944_Lidlfr_promo_1673_14499,Nos offres/Jeudi 19/02|Maison/Jeudi 19/02,L'unité au choix,Mini commode,24944_Lidlfr_promo,,24944_Lidlfr_promo_1673,35,<strong class="price pricebutton" style="                color:#f3846a;            "> € 14.99*  L'unité au choix,1,14.99,14499,521BD149204CCDCD154698B806C7DE8C,Mini commode,E2A7F89C40E1A6BB65F8D5BE77DB8F0C,18/02/2015 13:43:01,€,7668F8FEECD5451AF6BFE7853FD570FA,4EA59864816087BB60D6E5680C047A5E,657,1673,24944_Lidlfr_promo_1673_14499,Lidl.fr_promo,24944_Lidlfr_promo,24944,http://www.Lidl.fr/fr/offres-513.htm?id=592,,,,
25095_Lidlfr_promo_1673_14499,Nos offres/Mercredi 25/02|Savoie/Mercredi 25/02,3 x 180 g,Assortiment de 3 terrines savoyardes,25095_Lidlfr_promo,1 kg = 4.61 €,25095_Lidlfr_promo_1673,37,<strong class="price pricebutton" style="                color:#007d9b;            "> € 2.49  3 x 180 g  1 kg = 4.61 €,1,2.49,14499,959A6977DB6BA4B53BF16AC5F23901E0,Assortiment de 3 terrines savoyardes,F2E557CEA8AFEFD30450447AA90A1B08,18/02/2015 13:43:10,€,8851E618D26A1E6941925285D20C9C52,875FFA7F896A4DA039E296E2D1F54937,657,1673,25095_Lidlfr_promo_1673_14499,Lidl.fr_promo,25095_Lidlfr_promo,25095,http://www.Lidl.fr/fr/offres-513.htm?id=596,,,,
25097_Lidlfr_promo_1673_14499,Nos offres/Mercredi 25/02|Savoie/Mercredi 25/02,600 g,Crozets au beaufort AOP et mini diots,25097_Lidlfr_promo,1 kg = 8.82 €,25097_Lidlfr_promo_1673,37,<strong class="price pricebutton" style="                color:#007d9b;            "> € 5.29  600 g  1 kg = 8.82 €,3,5.29,14499,78F449D8B9B640AF4D540CA3393F7E3C,Crozets au beaufort AOP et mini diots,6D846D849FBEDC6771D597B4CBD9905F,18/02/2015 13:43:11,€,5F7A9D95B8C46379136E0F51CC38A924,233E90F3F8794E85BC244BE259A99724,657,1673,25097_Lidlfr_promo_1673_14499,Lidl.fr_promo,25097_Lidlfr_promo,25097,http://www.Lidl.fr/fr/offres-513.htm?id=596,,,,
25112_Lidlfr_promo_1673_14499,Nos offres/Mercredi 25/02|Savoie/Mercredi 25/02,600 g,Gratin savoyard au beaufort AOP et mini diots,25112_Lidlfr_promo,1 kg = 8.32 €,25112_Lidlfr_promo_1673,37,<strong class="price pricebutton" style="                color:#007d9b;            "> € 4.99  600 g  1 kg = 8.32 €,4,4.99,14499,50AE4B3AE29D36F38E2566DE5BC15CA3,Gratin savoyard au beaufort AOP et mini diots,E777BF0FA1D29EA48161A4AC2ECB3CFD,18/02/2015 13:43:11,€,17A9D96511A00B031E329BA3EC05340B,F02E21C27440AEF2E5C495CE615279E3,657,1673,25112_Lidlfr_promo_1673_14499,Lidl.fr_promo,25112_Lidlfr_promo,25112,http://www.Lidl.fr/fr/offres-513.htm?id=596,,,,
25143_Lidlfr_promo_1673_14499,Nos offres/Mercredi 25/02|Viandes de bœuf/Mercredi 25/02,10 x 100 g,Steaks hachés pur bœuf,25143_Lidlfr_promo,,25143_Lidlfr_promo_1673,38,<strong class="price pricebutton" style="                color:#eb212e;            "> € 5.17  10 x 100 g,6,5.17,14499,4BB670914E64ED1E0CC333529C8A96C1,Steaks hachés pur bœuf,74F1CB7300A0626CBD6BE8E98095BE8F,18/02/2015 13:43:23,€,ABE84F23C5DF312DC9894F8D114A7A21,BFC58C81E954A4EE8722992437A86D9D,657,1673,25143_Lidlfr_promo_1673_14499,Lidl.fr_promo,25143_Lidlfr_promo,25143,http://www.Lidl.fr/fr/offres-513.htm?id=597,,,,
25145_Lidlfr_promo_1673_14499,Nos offres/Mercredi 25/02|Viandes de bœuf/Mercredi 25/02,8 x 125 g,Steaks hachés façon bouchère pur bœuf,25145_Lidlfr_promo,,25145_Lidlfr_promo_1673,38,<strong class="price pricebutton" style="                color:#eb212e;            "> € 7.29  8 x 125 g,8,7.29,14499,082D6B069DC624A2FE46348B1ECDFD9B,Steaks hachés façon bouchère pur bœuf,35A6F5D3F7649D42979FB05AF019C47E,18/02/2015 13:43:24,€,8A46032B8ECDA4A90544DDA4C04AFC29,BE419CDF098BAE8C8530EA4F19AF3837,657,1673,25145_Lidlfr_promo_1673_14499,Lidl.fr_promo,25145_Lidlfr_promo,25145,http://www.Lidl.fr/fr/offres-513.htm?id=597,,,,
25147_Lidlfr_promo_1673_14499,Nos offres/Mercredi 25/02|Viandes de bœuf/Mercredi 25/02,30 x 30 g,Boulettes au bœuf,25147_Lidlfr_promo,1 kg = 4.83 €,25147_Lidlfr_promo_1673,38,<strong class="price pricebutton" style="                color:#eb212e;            "> € 4.35  30 x 30 g  1 kg = 4.83 €,10,4.35,14499,B0B7B14C635DDF5F283E8DAC059745CA,Boulettes au bœuf,27E9B720F2E202D9BAD3E40FC217A642,18/02/2015 13:43:24,€,3481A757EEA614ADEB019B7F34600427,18318DA7DAE61A542729D9DA994161BE,657,1673,25147_Lidlfr_promo_1673_14499,Lidl.fr_promo,25147_Lidlfr_promo,25147,http://www.Lidl.fr/fr/offres-513.htm?id=597,,,,
25099_Lidlfr_promo_1673_14499,Nos offres/Mercredi 25/02|Savoie/Mercredi 25/02,300 g,Tartiflette au reblochon de Savoie AOP Label Rouge,25099_Lidlfr_promo,1 kg = 9.97 €,25099_Lidlfr_promo_1673,37,<strong class="price pricebutton" style="                color:#007d9b;            "> € 2.99  300 g  1 kg = 9.97 €,6,2.99,14499,4DFD030781C51DAC5AEF911752EA0AA9,Tartiflette au reblochon de Savoie AOP Label Rouge,B6CBD120DC0C37F93FD0D49BB1F13385,18/02/2015 13:43:12,€,1F882B5D24B9FE5D6B114877233A3127,BC4647BDDD46EE572310781A51030572,657,1673,25099_Lidlfr_promo_1673_14499,Lidl.fr_promo,25099_Lidlfr_promo,25099,http://www.Lidl.fr/fr/offres-513.htm?id=596,,,,
25101_Lidlfr_promo_1673_14499,Nos offres/Mercredi 25/02|Savoie/Mercredi 25/02,350 g,Tarte flambée recette raclette,25101_Lidlfr_promo,1 kg = 7.11 €,25101_Lidlfr_promo_1673,37,<strong class="price pricebutton" style="                color:#007d9b;            "> € 2.49  350 g  1 kg = 7.11 €,8,2.49,14499,0D390C4900814707391215D4A5E60BF6,Tarte flambée recette raclette,58BD3747933605F5A2CA062BE15A1F61,18/02/2015 13:43:12,€,0329A52385B09CA285B4C962D5852D4B,940222ADE2401C27CF112992065C8877,657,1673,25101_Lidlfr_promo_1673_14499,Lidl.fr_promo,25101_Lidlfr_promo,25101,http://www.Lidl.fr/fr/offres-513.htm?id=596,,,,
25107_Lidlfr_promo_1673_14499,Nos offres/Mercredi 25/02|Savoie/Mercredi 25/02,2 x 125 g,Yaourt de Savoie à la praline rose,25107_Lidlfr_promo,1 kg = 5.56 €,25107_Lidlfr_promo_1673,37,<strong class="price pricebutton" style="                color:#007d9b;            "> € 1.39  2 x 125 g  1 kg = 5.56 €,14,1.39,14499,9B09C5650BA851831C3B000DACD78E72,Yaourt de Savoie à la praline rose,5AA1A5FCB43976173E1EEDD189D9DC5A,18/02/2015 13:43:14,€,A088FD263CB4DF4B56C86AB5E0851FE1,B76226C0B9542B5FA7C4FF56FF755802,657,1673,25107_Lidlfr_promo_1673_14499,Lidl.fr_promo,25107_Lidlfr_promo,25107,http://www.Lidl.fr/fr/offres-513.htm?id=596,,,,
25109_Lidlfr_promo_1673_14499,Nos offres/Mercredi 25/02|Savoie/Mercredi 25/02,70 cl,Absinthe,25109_Lidlfr_promo,1 L = 24.27 €,25109_Lidlfr_promo_1673,37,<strong class="price pricebutton" style="                color:#007d9b;            "> € 16.99  70 cl  1 L = 24.27 €,16,16.99,14499,9D9039724E8B326C6874301408B99744,Absinthe,C1B42CEAC911D9BEA23E1CB480C6F484,18/02/2015 13:43:14,€,D5FC6BCEF2CDF5C1CA776EEC07BFCA8A,B759459D85D5C74EBD26499BBDB165E1,657,1673,25109_Lidlfr_promo_1673_14499,Lidl.fr_promo,25109_Lidlfr_promo,25109,http://www.Lidl.fr/fr/offres-513.htm?id=596,,,,
25103_Lidlfr_promo_1673_14499,Nos offres/Mercredi 25/02|Savoie/Mercredi 25/02,325 g,Tarte aux 3 fromages savoyards,25103_Lidlfr_promo,1 kg = 12.28 €,25103_Lidlfr_promo_1673,37,<strong class="price pricebutton" style="                color:#007d9b;            "> € 3.99  325 g  1 kg = 12.28 €,10,3.99,14499,05D22859D6CFFBA059DB9C03EE4A6E11,Tarte aux 3 fromages savoyards,3E50769907805C546DAAA7C1050711B1,18/02/2015 13:43:13,€,58F756756D5B524E2EB5694D82E86193,D82604DE52C7A4C0D104443D90790B81,657,1673,25103_Lidlfr_promo_1673_14499,Lidl.fr_promo,25103_Lidlfr_promo,25103,http://www.Lidl.fr/fr/offres-513.htm?id=596,,,,
25105_Lidlfr_promo_1673_14499,Nos offres/Mercredi 25/02|Savoie/Mercredi 25/02,300 g,Tomme de Savoie IGP,25105_Lidlfr_promo,1 kg = 10.30 €,25105_Lidlfr_promo_1673,37,<strong class="price pricebutton" style="                color:#007d9b;            "> € 3.09  300 g  1 kg = 10.30 €,12,3.09,14499,ADAC402393CA32366B79E602A499A8C4,Tomme de Savoie IGP,599861879447F3E34BC9344EA07B35C0,18/02/2015 13:43:13,€,3E039D74562CFD6006A5E1B913C56E89,DA29469A4B6418140138895517BE93C4,657,1673,25105_Lidlfr_promo_1673_14499,Lidl.fr_promo,25105_Lidlfr_promo,25105,http://www.Lidl.fr/fr/offres-513.htm?id=596,,,,
25019_Lidlfr_promo_1673_14499,Nos offres/Lundi 23/02|Extérieur/Lundi 23/02,L'unité au choix,Jardinière avec niveau d'eau,25019_Lidlfr_promo,,25019_Lidlfr_promo_1673,36,<strong class="price pricebutton" style="                color:#4b650d;            "> à partir de  € 4.99  L'unité au choix,10,4.99,14499,DF383F1C110F67D15BBF65FDC0EE7306,Jardinière avec niveau d'eau,011403D9A1A245C6DD3B6379FE0CA90C,18/02/2015 13:43:08,€,282EE014B49064A3F4696CF715C5B7E3,112473807DF45853E16204788CE21E2C,657,1673,25019_Lidlfr_promo_1673_14499,Lidl.fr_promo,25019_Lidlfr_promo,25019,http://www.Lidl.fr/fr/offres-513.htm?id=594,,,,
25020_Lidlfr_promo_1673_14499,Nos offres/Lundi 23/02|Extérieur/Lundi 23/02,L'unité au choix,Paillasson,25020_Lidlfr_promo,,25020_Lidlfr_promo_1673,36,<strong class="price pricebutton" style="                color:#4b650d;            "> € 2.99  L'unité au choix,11,2.99,14499,57F8CFCAC28C6E89F2EDAC948239AA40,Paillasson,ED093675C326C46DD67DEC8E56DF4629,18/02/2015 13:43:08,€,A6B4C8D2ACA8536B9D535984BD1FAF6A,39E947EB63C8BAC0A911B23AC881C9BB,657,1673,25020_Lidlfr_promo_1673_14499,Lidl.fr_promo,25020_Lidlfr_promo,25020,http://www.Lidl.fr/fr/offres-513.htm?id=594,,,,
25110_Lidlfr_promo_1673_14499,Nos offres/Mercredi 25/02|Savoie/Mercredi 25/02,70 cl,Génépi des Alpes,25110_Lidlfr_promo,1 L = 17.13 €,25110_Lidlfr_promo_1673,37,<strong class="price pricebutton" style="                color:#007d9b;            "> € 11.99  70 cl  1 L = 17.13 €,17,11.99,14499,9441EA925ECE7DD9CC0B79AC23339D56,Génépi des Alpes,3ED410D48B651E9AAD320C00BA5C7744,18/02/2015 13:43:14,€,9AE78165CAD8F2F36FFF92B09AF1F1F4,C14D241ACBC5861CFB8BD95CF2535812,657,1673,25110_Lidlfr_promo_1673_14499,Lidl.fr_promo,25110_Lidlfr_promo,25110,http://www.Lidl.fr/fr/offres-513.htm?id=596,,,,
25141_Lidlfr_promo_1673_14499,Nos offres/Mercredi 25/02|Viandes de bœuf/Mercredi 25/02,180 g,1 entrecôte,25141_Lidlfr_promo,1 kg = 19.94 €,25141_Lidlfr_promo_1673,38,<strong class="price pricebutton" style="                color:#eb212e;            "> € 3.59  180 g  1 kg = 19.94 €,4,3.59,14499,FE585529494A008DE969620533D752FC,1 entrecôte,FAF043769E525866D1049E6CEDEC5B50,18/02/2015 13:43:23,€,C96BB4CA77202409A4EC852E609A6614,0B7127C966FA2DC3E83D3C9651E9D9B6,657,1673,25141_Lidlfr_promo_1673_14499,Lidl.fr_promo,25141_Lidlfr_promo,25141,http://www.Lidl.fr/fr/offres-513.htm?id=597,,,,
24922_Lidlfr_promo_1673_14499,Nos promos/Moins cher,Soit le lot de 2 x 275 g,Le Rustique camembert,24922_Lidlfr_promo,1 kg = 4.22 €,24922_Lidlfr_promo_1673,40,<small class="pricecut" style="                color:#e52031;                            background-color:#ffffff;                            border:1px solid #e52031;            "> -50% sur le 2ème  <small class="specialdesc" style="                background-color: #e52031;            ">18/02 - 24/02  <strong class="price pricebutton" style="                color:#e52031;            "> € 2.32    Soit le lot de 2 x 275 g  1 kg = 4.22 €,6,2.32,14499,17481297B39A5D04B768C97419A474DD,Le Rustique camembert,2D7F7C36BCFE2B50347D7C71EAF7E5CB,18/02/2015 13:43:32,€,6B0BF0B729634EAB8A14045C279FE8C5,4BADF6FCE1FB568BA4D71E1645E5DA27,657,1673,24922_Lidlfr_promo_1673_14499,Lidl.fr_promo,24922_Lidlfr_promo,24922,http://www.Lidl.fr/fr/moins-cher.htm,-50% sur le 2ème,18/02 - 24/02,,
24931_Lidlfr_promo_1673_14499,Nos promos/Moins cher,4 x 80 g au choix,Mousse liégeoise,24931_Lidlfr_promo,1 kg = 2.47 €,24931_Lidlfr_promo_1673,40,<small class="pricecut" style="                color:#e52031;                            background-color:#ffffff;                            border:1px solid #e52031;            "> -20% <em class="priceold" style="                border-left: 2px solid #e52031;            "> 0.99   <small class="specialdesc" style="                background-color: #e52031;            ">18/02 - 24/02  <strong class="price pricebutton" style="                color:#e52031;            "> € 0.79    4 x 80 g au choix  1 kg = 2.47 €,8,0.79,14499,8AD792E316A56133F68E8493F0CF1D2D,Mousse liégeoise,4073FE4A12918B842352A6C01F30BC84,18/02/2015 13:43:32,€,98DB0D6EE921C7CAE80D7101C14475CD,474E406FC68C5E3F0BCE9A7206CDEF5E,657,1673,24931_Lidlfr_promo_1673_14499,Lidl.fr_promo,24931_Lidlfr_promo,24931,http://www.Lidl.fr/fr/moins-cher.htm,-20%,18/02 - 24/02,0.99,
24933_Lidlfr_promo_1673_14499,Nos promos/Moins cher,La bouteille de 1 L,Pur jus de 4 agrumes,24933_Lidlfr_promo,,24933_Lidlfr_promo_1673,40,<small class="pricecut" style="                color:#e52031;                            background-color:#ffffff;                            border:1px solid #e52031;            "> -20% <em class="priceold" style="                border-left: 2px solid #e52031;            "> 0.99   <small class="specialdesc" style="                background-color: #e52031;            ">18/02 - 24/02  <strong class="price pricebutton" style="                color:#e52031;            "> € 0.79    La bouteille de 1 L,10,0.79,14499,000D562AFB77B582CA15F738F4F353F6,Pur jus de 4 agrumes,4EFCDE38CACE44FBDE13ABEC6317A928,18/02/2015 13:43:32,€,C7F59ECE358AAC6FBA42EF91D88D6E71,942DAAC277DACED487D09DDCBE753D73,657,1673,24933_Lidlfr_promo_1673_14499,Lidl.fr_promo,24933_Lidlfr_promo,24933,http://www.Lidl.fr/fr/moins-cher.htm,-20%,18/02 - 24/02,0.99,
24935_Lidlfr_promo_1673_14499,Nos promos/Moins cher,75 cl,Côtes de Bordeaux AOP,24935_Lidlfr_promo,1 L = 2.79 €,24935_Lidlfr_promo_1673,40,<small class="pricecut" style="                color:#e52031;                            background-color:#ffffff;                            border:1px solid #e52031;            "> -22% <em class="priceold" style="                border-left: 2px solid #e52031;            "> 2.69   <small class="specialdesc" style="                background-color: #e52031;            ">18/02 - 24/02  <strong class="price pricebutton" style="                color:#e52031;            "> € 2.09    75 cl  1 L = 2.79 €,12,2.09,14499,57094FABF183A9D10DDA4D23E5755402,Côtes de Bordeaux AOP,A2FCEFD263AFD2FC4FF103D6C01275F3,18/02/2015 13:43:32,€,A5753E71C634B5FD550C420298578D08,546B5E6A6DFE42925B8A87EBCAC1A9CB,657,1673,24935_Lidlfr_promo_1673_14499,Lidl.fr_promo,24935_Lidlfr_promo,24935,http://www.Lidl.fr/fr/moins-cher.htm,-22%,18/02 - 24/02,2.69,
25161_Lidlfr_promo_1673_14499,Nos promos/Moins cher,180 g,Jambon supérieur,25161_Lidlfr_promo,1 kg = 6.61 €,25161_Lidlfr_promo_1673,40,<small class="pricecut" style="                color:#e52031;                            background-color:#ffffff;                            border:1px solid #e52031;            "> -20% <em class="priceold" style="                border-left: 2px solid #e52031;            "> 1.49   <small class="specialdesc" style="                background-color: #e52031;            ">25/02 - 03/03  <strong class="price pricebutton" style="                color:#e52031;            "> € 1.19    180 g  1 kg = 6.61 €,16,1.19,14499,AA17845B1092E3B9E0AFF71E001946D8,Jambon supérieur,FE0C25D857EAC39C25BA43E2F9859E67,18/02/2015 13:43:32,€,DAD3E745803D379DC27D3D110D0CB7C8,A7A6B51B4DA2A493F024AAC42D94C7CD,657,1673,25161_Lidlfr_promo_1673_14499,Lidl.fr_promo,25161_Lidlfr_promo,25161,http://www.Lidl.fr/fr/moins-cher.htm,-20%,25/02 - 03/03,1.49,
25163_Lidlfr_promo_1673_14499,Nos promos/Moins cher,100 g,Jambon de Bayonne IGP,25163_Lidlfr_promo,1 kg = 12.90 €,25163_Lidlfr_promo_1673,40,<small class="pricecut" style="                color:#e52031;                            background-color:#ffffff;                            border:1px solid #e52031;            "> -13% <em class="priceold" style="                border-left: 2px solid #e52031;            "> 1.49   <small class="specialdesc" style="                background-color: #e52031;            ">25/02 - 03/03  <strong class="price pricebutton" style="                color:#e52031;            "> € 1.29    100 g  1 kg = 12.90 €,18,1.29,14499,2E0E11AC8BA8C3C65AF7C9249CEC1C85,Jambon de Bayonne IGP,733004881D7CA91EB9E6F33626E63769,18/02/2015 13:43:33,€,A3315A1BC43A0688B71A4D14F1F743D1,7E4DDECD5564E9FE8A83E41821797CA3,657,1673,25163_Lidlfr_promo_1673_14499,Lidl.fr_promo,25163_Lidlfr_promo,25163,http://www.Lidl.fr/fr/moins-cher.htm,-13%,25/02 - 03/03,1.49,
25165_Lidlfr_promo_1673_14499,Nos promos/Moins cher,2 x 400 g,Raclette en tranchettes,25165_Lidlfr_promo,1 kg = 5.49 €,25165_Lidlfr_promo_1673,40,<small class="pricecut" style="                color:#e52031;                            background-color:#ffffff;                            border:1px solid #e52031;            "> -17% <em class="priceold" style="                border-left: 2px solid #e52031;            "> 5.29   <small class="specialdesc" style="                background-color: #e52031;            ">25/02 - 03/03  <strong class="price pricebutton" style="                color:#e52031;            "> € 4.39    2 x 400 g  1 kg = 5.49 €,20,4.39,14499,08070F0E248094FDA18E877112E04BD5,Raclette en tranchettes,FF2AE57D03E93C162B19847EE02E7878,18/02/2015 13:43:33,€,F554A7B509A5FEE11E5CDF4FCBBA7BE8,3773B6CF600F775304F7489130B3D7D1,657,1673,25165_Lidlfr_promo_1673_14499,Lidl.fr_promo,25165_Lidlfr_promo,25165,http://www.Lidl.fr/fr/moins-cher.htm,-17%,25/02 - 03/03,5.29,
25167_Lidlfr_promo_1673_14499,Nos promos/Moins cher,250 g,Morbier au lait cru AOP,25167_Lidlfr_promo,1 kg = 6.76 €,25167_Lidlfr_promo_1673,40,<small class="pricecut" style="                color:#e52031;                            background-color:#ffffff;                            border:1px solid #e52031;            "> -21% <em class="priceold" style="                border-left: 2px solid #e52031;            "> 2.15   <small class="specialdesc" style="                background-color: #e52031;            ">25/02 - 03/03  <strong class="price pricebutton" style="                color:#e52031;            "> € 1.69    250 g  1 kg = 6.76 €,22,1.69,14499,EF02DA050CDE2B8991927575E900036D,Morbier au lait cru AOP,E5FA2D9D9840741768C3B2DF41BB09F6,18/02/2015 13:43:33,€,2EA2C6C32264F893F14AA57AC936A63F,25485DF232E188A3F3E514EE1C9DE020,657,1673,25167_Lidlfr_promo_1673_14499,Lidl.fr_promo,25167_Lidlfr_promo,25167,http://www.Lidl.fr/fr/moins-cher.htm,-21%,25/02 - 03/03,2.15,
25169_Lidlfr_promo_1673_14499,Nos promos/Moins cher,350 g au choix,Lunettes de Romans,25169_Lidlfr_promo,1 kg = 4.54 €,25169_Lidlfr_promo_1673,40,<small class="pricecut" style="                color:#e52031;                            background-color:#ffffff;                            border:1px solid #e52031;            "> -20% <em class="priceold" style="                border-left: 2px solid #e52031;            "> 1.99   <small class="specialdesc" style="                background-color: #e52031;            ">25/02 - 03/03  <strong class="price pricebutton" style="                color:#e52031;            "> € 1.59    350 g au choix  1 kg = 4.54 €,24,1.59,14499,7622480D02051EE4117E73638419A446,Lunettes de Romans,8288C2020EF54B41FFC1F308CE723FA0,18/02/2015 13:43:33,€,1EF33D1D5DB7E22353AEC122A116D836,8DE251FEAE057B8675FB551E684A295C,657,1673,25169_Lidlfr_promo_1673_14499,Lidl.fr_promo,25169_Lidlfr_promo,25169,http://www.Lidl.fr/fr/moins-cher.htm,-20%,25/02 - 03/03,1.99,
25170_Lidlfr_promo_1673_14499,Nos promos/Moins cher,8 x 100 g au choix,Fromage blanc,25170_Lidlfr_promo,1 kg = 1.56 €,25170_Lidlfr_promo_1673,40,<small class="pricecut" style="                color:#e52031;                            background-color:#ffffff;                            border:1px solid #e52031;            "> -19% <em class="priceold" style="                border-left: 2px solid #e52031;            "> 1.55   <small class="specialdesc" style="                background-color: #e52031;            ">25/02 - 03/03  <strong class="price pricebutton" style="                color:#e52031;            "> € 1.25    8 x 100 g au choix  1 kg = 1.56 €,25,1.25,14499,5FD737F1618B4F78172570D6E63444CF,Fromage blanc,EB434FFB44F8F2429A7BDA4CF865FF29,18/02/2015 13:43:33,€,8373ADBE56364202B3E827F6F3E4864F,4D70135CF4B09E7B072F9F78863F2600,657,1673,25170_Lidlfr_promo_1673_14499,Lidl.fr_promo,25170_Lidlfr_promo,25170,http://www.Lidl.fr/fr/moins-cher.htm,-19%,25/02 - 03/03,1.55,
25172_Lidlfr_promo_1673_14499,Nos promos/Moins cher,La bouteille de 1 L,Rhum blanc traditionnel des Antilles,25172_Lidlfr_promo,,25172_Lidlfr_promo_1673,40,<small class="pricecut" style="                color:#e52031;                            background-color:#ffffff;                            border:1px solid #e52031;            "> -20% <em class="priceold" style="                border-left: 2px solid #e52031;            "> 14.49   <small class="specialdesc" style="                background-color: #e52031;            ">25/02 - 03/03  <strong class="price pricebutton" style="                color:#e52031;            "> € 11.59    La bouteille de 1 L,27,11.59,14499,CA8A2B29D751296D1F3CC6D429534E23,Rhum blanc traditionnel des Antilles,3AC42A54313F349E9082261751A66E2A,18/02/2015 13:43:33,€,50879D6316232F4A251E3FC2C5702B92,A2A12471535005FFEF2984CFA21C8EDA,657,1673,25172_Lidlfr_promo_1673_14499,Lidl.fr_promo,25172_Lidlfr_promo,25172,http://www.Lidl.fr/fr/moins-cher.htm,-20%,25/02 - 03/03,14.49,
24917_Lidlfr_promo_1673_14499,Nos promos/Moins cher,800 g,Pilons de poulet,24917_Lidlfr_promo,1 kg = 3.74 €,24917_Lidlfr_promo_1673,40,<small class="pricecut" style="                color:#e52031;                            background-color:#ffffff;                            border:1px solid #e52031;            "> -18% <em class="priceold" style="                border-left: 2px solid #e52031;            "> 3.69   <small class="specialdesc" style="                background-color: #e52031;            ">18/02 - 24/02  <strong class="price pricebutton" style="                color:#e52031;            "> € 2.99    800 g  1 kg = 3.74 €,1,2.99,14499,E2AFA81B43B2621A06797F0F2706B2A5,Pilons de poulet,AAF557F4F76F369698BF827AFD01FB5D,18/02/2015 13:43:32,€,09DAF80091EC0556FCD6D9C6C24D4DDC,905FB31E485E7F2FAD5CBA1F425D72E6,657,1673,24917_Lidlfr_promo_1673_14499,Lidl.fr_promo,24917_Lidlfr_promo,24917,http://www.Lidl.fr/fr/moins-cher.htm,-18%,18/02 - 24/02,3.69,
24919_Lidlfr_promo_1673_14499,Nos promos/Moins cher,6 x 130 g,6 cheeseburgers au bœuf,24919_Lidlfr_promo,1 kg = 3.83 €,24919_Lidlfr_promo_1673,40,<small class="pricecut" style="                color:#e52031;                            background-color:#ffffff;                            border:1px solid #e52031;            "> -18% <em class="priceold" style="                border-left: 2px solid #e52031;            "> 3.69   <small class="specialdesc" style="                background-color: #e52031;            ">18/02 - 24/02  <strong class="price pricebutton" style="                color:#e52031;            "> € 2.99    6 x 130 g  1 kg = 3.83 €,3,2.99,14499,69149D37C7E6C2F75766303B33B659E6,6 cheeseburgers au bœuf,A9AE0DBBB75D1E6CD39CFC65F686E328,18/02/2015 13:43:32,€,F6B16B6599A4E50CD70876E4EC902CB8,3A451D508BE07D684C2FACE70E6ECF9D,657,1673,24919_Lidlfr_promo_1673_14499,Lidl.fr_promo,24919_Lidlfr_promo,24919,http://www.Lidl.fr/fr/moins-cher.htm,-18%,18/02 - 24/02,3.69,
24920_Lidlfr_promo_1673_14499,Nos promos/Moins cher,2 x 150 g au choix,2 cheeseburgers,24920_Lidlfr_promo,1 kg = 5.30 €,24920_Lidlfr_promo_1673,40,<small class="pricecut" style="                color:#e52031;                            background-color:#ffffff;                            border:1px solid #e52031;            "> -20% <em class="priceold" style="                border-left: 2px solid #e52031;            "> 1.99   <small class="specialdesc" style="                background-color: #e52031;            ">18/02 - 24/02  <strong class="price pricebutton" style="                color:#e52031;            "> € 1.59    2 x 150 g au choix  1 kg = 5.30 €,4,1.59,14499,121D366A4863D7DE2B08EA025830272C,2 cheeseburgers,D96083CDF6F5021EEEB25062C8FB0C31,18/02/2015 13:43:32,€,E66B030495CAAB1236DC8C6DDD4D4067,F00C0EEB95F5A928C3814BC3B3EE962B,657,1673,24920_Lidlfr_promo_1673_14499,Lidl.fr_promo,24920_Lidlfr_promo,24920,http://www.Lidl.fr/fr/moins-cher.htm,-20%,18/02 - 24/02,1.99,
24973_Lidlfr_promo_1673_14499,Nos promos/Plantes & fleurs,L'unité au choix,Plantes vertes,24973_Lidlfr_promo,Le 18/02,24973_Lidlfr_promo_1673,43,<strong class="price pricebutton" style="                color:#f05660;            "> € 21.99  L'unité au choix  Le 18/02,1,21.99,14499,77B241215F5FB61E29B394947EB1BAD0,Plantes vertes,2E24171BC7177B2291B8BBD0F66B75F3,18/02/2015 13:43:41,€,C160EDEAAC1BD718FA7F032068A7669B,47AF7FCA91DD663217384FADCD58C8AB,657,1673,24973_Lidlfr_promo_1673_14499,Lidl.fr_promo,24973_Lidlfr_promo,24973,http://www.Lidl.fr/fr/plantes-fleurs.htm,,,,
24982_Lidlfr_promo_1673_14499,Nos promos/Plantes & fleurs,L'unité au choix,Rosier grimpant en motte,24982_Lidlfr_promo,Le 21/02,24982_Lidlfr_promo_1673,43,<strong class="price pricebutton" style="                color:#f05660;            "> € 2.49  L'unité au choix  Le 21/02,3,2.49,14499,03E5F0C008F26E6B209811FEBC2316B5,Rosier grimpant en motte,3F3BB47B5AE1AFC004D86140D3EAF846,18/02/2015 13:43:41,€,D02F6E5CE9E56D40D33AA2B2E35C7D39,E945A4E090CD71ACBF4CFCC6FF54AD9C,657,1673,24982_Lidlfr_promo_1673_14499,Lidl.fr_promo,24982_Lidlfr_promo,24982,http://www.Lidl.fr/fr/plantes-fleurs.htm,,,,
24986_Lidlfr_promo_1673_14499,Nos promos/Plantes & fleurs,L'unité,Narcisses,24986_Lidlfr_promo,Le 23/02,24986_Lidlfr_promo_1673,43,<strong class="price pricebutton" style="                color:#f05660;            "> € 1.29  L'unité  Le 23/02,4,1.29,14499,DF9E31B12B1B5DE2420B0EFD2017E97D,Narcisses,8D46474A5D82164107F210EC19DDCF7C,18/02/2015 13:43:42,€,13D7394FB90235B2A476269E1E7711D7,77B1AE6BE955316D7234F2BC5A409CDD,657,1673,24986_Lidlfr_promo_1673_14499,Lidl.fr_promo,24986_Lidlfr_promo,24986,http://www.Lidl.fr/fr/plantes-fleurs.htm,,,,
25035_Lidlfr_promo_1673_14499,Nos promos/Super samedi,750 g,Paupiettes de porc,25035_Lidlfr_promo,1 kg = 5.32 €,25035_Lidlfr_promo_1673,41,<small class="pricecut" style="                color:#e52031;                            background-color:#ffffff;                            border:1px solid #e52031;            "> -22% <em class="priceold" style="                border-left: 2px solid #e52031;            "> 5.15   <small class="specialdesc" style="                background-color: #e52031;            ">21/02 - 21/02  <strong class="price pricebutton" style="                color:#e52031;            "> € 3.99    750 g  1 kg = 5.32 €,2,3.99,14499,380351962ED7C0BABC6EF876060DB46D,Paupiettes de porc,C1BF41CB00276AED04D206A4DD2503C8,18/02/2015 13:43:35,€,7D3E0588581DEEBA1A79D0BE8CD327B5,099E842AF821E68C6B90D20DDCFC0FC8,657,1673,25035_Lidlfr_promo_1673_14499,Lidl.fr_promo,25035_Lidlfr_promo,25035,http://www.Lidl.fr/fr/super-samedi.htm,-22%,21/02 - 21/02,5.15,
25044_Lidlfr_promo_1673_14499,Nos promos/Fruits & légumes,La barquette de 1 kg,Carottes des sables,25044_Lidlfr_promo,,25044_Lidlfr_promo_1673,42,<small class="specialdesc" style="                background-color: #f1830c;            ">18/02 - 21/02  <strong class="price pricebutton" style="                color:#cf6d04;            "> € 1.29    La barquette de 1 kg,4,1.29,14499,B81E4A7A79BFC758E87CFE0AD0F8D53E,Carottes des sables,D833020855C2756623E41C70EEE62C16,18/02/2015 13:43:38,€,443E82A36FA7A0F90CDD09A30297FE23,BCEA8E33F6A05964BDF4AC26C1AA89CF,657,1673,25044_Lidlfr_promo_1673_14499,Lidl.fr_promo,25044_Lidlfr_promo,25044,http://www.Lidl.fr/fr/fruits-legumes.htm,,18/02 - 21/02,,
24993_Lidlfr_promo_1673_14499,Nos promos/Bonnes affaires,L'unité ou le set au choix,Jouets d'extérieur,24993_Lidlfr_promo,,24993_Lidlfr_promo_1673,44,<small class="specialdesc" style="                background-color: #1f4fb8;            ">19/02 - 19/02  <strong class="price pricebutton" style="                color:#1f4fb8;            "> € 1.99    L'unité ou le set au choix,5,1.99,14499,B1103BFC1D454B41E8837ABA503F452E,Jouets d'extérieur,38A960C37C0F2F421BC0CB5B35466D86,18/02/2015 13:43:45,€,074D2A5B8B3F85960111EE82E97A448D,ECC8647B514CB6AE769B6AF99410A092,657,1673,24993_Lidlfr_promo_1673_14499,Lidl.fr_promo,24993_Lidlfr_promo,24993,http://www.Lidl.fr/fr/bonnes-affaires.htm,,19/02 - 19/02,,
24991_Lidlfr_promo_1673_14499,Nos promos/Bonnes affaires,L'unité ou le set au choix,Jeu,24991_Lidlfr_promo,,24991_Lidlfr_promo_1673,44,<small class="specialdesc" style="                background-color: #1f4fb8;            ">19/02 - 19/02  <strong class="price pricebutton" style="                color:#1f4fb8;            "> € 10.99    L'unité ou le set au choix,3,10.99,14499,5DDEF9ECF60D11AED4EFE02018C54709,Jeu,B6980CFE83BB8DB823D07A2A36CFF73E,18/02/2015 13:43:45,€,913A7B838B312FC73057D601466A06B9,4B23F8DC9EB4ED500A662E396908D39B,657,1673,24991_Lidlfr_promo_1673_14499,Lidl.fr_promo,24991_Lidlfr_promo,24991,http://www.Lidl.fr/fr/bonnes-affaires.htm,,19/02 - 19/02,,
25042_Lidlfr_promo_1673_14499,Nos promos/Fruits & légumes,La pièce,Salade iceberg,25042_Lidlfr_promo,,25042_Lidlfr_promo_1673,42,<small class="specialdesc" style="                background-color: #f1830c;            ">18/02 - 21/02  <strong class="price pricebutton" style="                color:#cf6d04;            "> € 0.79    La pièce,2,0.79,14499,00443201F203FFA24938B88DCA970157,Salade iceberg,AADCF363D7DDC916EEFFE06958604496,18/02/2015 13:43:38,€,5995BF3BEAD5E2974CEC7F0218139CC3,4F7E82050E79D3F6A24897B6413CB90F,657,1673,25042_Lidlfr_promo_1673_14499,Lidl.fr_promo,25042_Lidlfr_promo,25042,http://www.Lidl.fr/fr/fruits-legumes.htm,,18/02 - 21/02,,
24873_Lidlfr_promo_3159_14499,Nos offres/Mercredi 18/02|USA/Mercredi 18/02,440 g au choix,Pizza américaine,24873_Lidlfr_promo,1 kg = 4.30 €,24873_Lidlfr_promo_3159,48,<strong class="price pricebutton" style="                color:#d83b30;            "> € 1.89  440 g au choix  1 kg = 4.30 €,8,1.89,14499,E6B439804D4D1E0C0FA1528E0789493C,Pizza américaine,B65068104F6F71A8F109D208A87B296D,18/02/2015 13:44:03,€,A0EC4B80DA733D8E79292B991417B6A6,DF3ABFAA6336C64811B77E86B9CB17B0,55,3159,24873_Lidlfr_promo_3159_14499,Lidl.fr_promo,24873_Lidlfr_promo,24873,http://www.Lidl.fr/fr/offres-513.htm?id=591,,,,
24905_Lidlfr_promo_3159_14499,Nos offres/Mercredi 18/02|USA/Mercredi 18/02,190 g au choix,Tortilla de blé fourrée,24905_Lidlfr_promo,1 kg = 12.45 €,24905_Lidlfr_promo_3159,48,<strong class="price pricebutton" style="                color:#d83b30;            "> € 2.29  190 g au choix  1 kg = 12.45 €,9,2.29,14499,5A1D4FC08011ABFA58B5AF722004A61A,Tortilla de blé fourrée,2C80C8651E6E308E7288DC0212FCDC25,18/02/2015 13:44:03,€,1EDD97DA3270DCEA3D41557565EBF884,2708FBA0DC4216AB4AB4DE1FC0C49862,55,3159,24905_Lidlfr_promo_3159_14499,Lidl.fr_promo,24905_Lidlfr_promo,24905,http://www.Lidl.fr/fr/offres-513.htm?id=591,,,,
24907_Lidlfr_promo_3159_14499,Nos offres/Mercredi 18/02|USA/Mercredi 18/02,230 ml au choix,Milkshake,24907_Lidlfr_promo,1 L = 3.43 €,24907_Lidlfr_promo_3159,48,<strong class="price pricebutton" style="                color:#d83b30;            "> € 0.79  230 ml au choix  1 L = 3.43 €,10,0.79,14499,A2E8DE8E09A1E63C52AE2B5AAE9E00FD,Milkshake,36B83780B4D2048A067DD534574631C6,18/02/2015 13:44:03,€,B8436841260FCB71A448CE3688A5BCDD,CCD9F73A3BB415A32B0708B0821761C4,55,3159,24907_Lidlfr_promo_3159_14499,Lidl.fr_promo,24907_Lidlfr_promo,24907,http://www.Lidl.fr/fr/offres-513.htm?id=591,,,,
24868_Lidlfr_promo_3159_14499,Nos offres/Mercredi 18/02|USA/Mercredi 18/02,200 g au choix,Cruspies,24868_Lidlfr_promo,1 kg = 4.45 €,24868_Lidlfr_promo_3159,48,<strong class="price pricebutton" style="                color:#d83b30;            "> € 0.89  200 g au choix  1 kg = 4.45 €,3,0.89,14499,44227BE6553087EE138647BA184C65B7,Cruspies,E700E8792A53E4C8D39EEB130668F832,18/02/2015 13:44:02,€,AEE49AD439F7541806BC695B669DEF6D,90DA3608667E990227E76560921E5FA7,55,3159,24868_Lidlfr_promo_3159_14499,Lidl.fr_promo,24868_Lidlfr_promo,24868,http://www.Lidl.fr/fr/offres-513.htm?id=591,,,,
24871_Lidlfr_promo_3159_14499,Nos offres/Mercredi 18/02|USA/Mercredi 18/02,500 g,Filets de poulet panés,24871_Lidlfr_promo,1 kg = 6.58 €,24871_Lidlfr_promo_3159,48,<strong class="price pricebutton" style="                color:#d83b30;            "> € 3.29  500 g  1 kg = 6.58 €,6,3.29,14499,C1354A0B0EC0EF1D9B09F5F75E1E714F,Filets de poulet panés,4494D233873823942712CF9C6E24122D,18/02/2015 13:44:02,€,BDE96D8FB0E049174F86D873EE0B5A21,4D57C8AC8153E8565A307084434A7355,55,3159,24871_Lidlfr_promo_3159_14499,Lidl.fr_promo,24871_Lidlfr_promo,24871,http://www.Lidl.fr/fr/offres-513.htm?id=591,,,,
24769_Lidlfr_promo_3159_14499,Nos offres/Lundi 16/02|Auto/Moto/Lundi 16/02,L'unité,Protège pare-brise,24769_Lidlfr_promo,,24769_Lidlfr_promo_3159,47,<strong class="price pricebutton" style="                color:#f17230;            "> € 1.99  L'unité,14,1.99,14499,1016AB8C711CD94605566A9C1F8D61F8,Protège pare-brise,0803364F9A8743B20C3543D539D62FB8,18/02/2015 13:43:58,€,95A9D98D3E6551E41EC6B2EB447B3720,C113616DEDB792F022356B9A8295C00D,55,3159,24769_Lidlfr_promo_3159_14499,Lidl.fr_promo,24769_Lidlfr_promo,24769,http://www.Lidl.fr/fr/offres-513.htm?id=589,,,,
24770_Lidlfr_promo_3159_14499,Nos offres/Lundi 16/02|Auto/Moto/Lundi 16/02,L'unité au choix,Réhausseur de siège enfant gr. 2/3,24770_Lidlfr_promo,,24770_Lidlfr_promo_3159,47,<strong class="price pricebutton" style="                color:#f17230;            "> € 11.99  L'unité au choix,15,11.99,14499,30C7F19D7A8824901B6490F15B01608F,Réhausseur de siège enfant gr. 2/3,B4C5644D7AC1C8DEF4E717BD14FF4199,18/02/2015 13:43:59,€,FA085FC1F6FC9C3480F19DAAF1E23DEF,9C677BD9EAD4EA4926C59A7D0467881D,55,3159,24770_Lidlfr_promo_3159_14499,Lidl.fr_promo,24770_Lidlfr_promo,24770,http://www.Lidl.fr/fr/offres-513.htm?id=589,,,,
24761_Lidlfr_promo_3159_14499,Nos offres/Lundi 16/02|Auto/Moto/Lundi 16/02,L'unité,Top case pour scooter,24761_Lidlfr_promo,,24761_Lidlfr_promo_3159,47,<strong class="price pricebutton" style="                color:#f17230;            "> € 29.99  L'unité,6,29.99,14499,7F502620FB0B34204FF6BFB7BB130848,Top case pour scooter,CEAEDA96A08638FAFD8A57B4B480E121,18/02/2015 13:43:56,€,D27FE01AC58A88560AC38ABEBE2505EA,C4BD5C1E2AD0C73F8682C1719013B642,55,3159,24761_Lidlfr_promo_3159_14499,Lidl.fr_promo,24761_Lidlfr_promo,24761,http://www.Lidl.fr/fr/offres-513.htm?id=589,,,,
24763_Lidlfr_promo_3159_14499,Nos offres/Lundi 16/02|Auto/Moto/Lundi 16/02,La paire au choix,Lunettes de soleil sport,24763_Lidlfr_promo,,24763_Lidlfr_promo_3159,47,<strong class="price pricebutton" style="                color:#f17230;            "> € 3.99  La paire au choix,8,3.99,14499,CFE0661780F8BB3D8929E7EB750AD581,Lunettes de soleil sport,7374E266FB75F22CDE8B7608A4030F4F,18/02/2015 13:43:57,€,C4C8D2A660F2A9FEFF0A8C4C8E4BF80E,9E8375D4BEA951A9E639CF4FA7EFA3DD,55,3159,24763_Lidlfr_promo_3159_14499,Lidl.fr_promo,24763_Lidlfr_promo,24763,http://www.Lidl.fr/fr/offres-513.htm?id=589,,,,
24756_Lidlfr_promo_3159_14499,Nos offres/Lundi 16/02|Auto/Moto/Lundi 16/02,L'unité,Atlas routier,24756_Lidlfr_promo,,24756_Lidlfr_promo_3159,47,<strong class="price pricebutton" style="                color:#f17230;            "> € 4.99  L'unité,2,4.99,14499,C66B9E5B7D1D2357A845DFA37C28DBC0,Atlas routier,B12E63EB8ED4EFB39970F79C9536C516,18/02/2015 13:43:55,€,C02A8DB90FF60F33B72AAA2CBB3D2950,2CA59FD9C3117F138E722E13597F2B0B,55,3159,24756_Lidlfr_promo_3159_14499,Lidl.fr_promo,24756_Lidlfr_promo,24756,http://www.Lidl.fr/fr/offres-513.htm?id=589,,,,
24758_Lidlfr_promo_3159_14499,Nos offres/Lundi 16/02|Auto/Moto/Lundi 16/02,L'unité au choix,Caleçon technique de moto homme,24758_Lidlfr_promo,,24758_Lidlfr_promo_3159,47,<strong class="price pricebutton" style="                color:#f17230;            "> € 11.99  L'unité au choix,4,11.99,14499,FC9C05DE083CA107D09403273CADB41E,Caleçon technique de moto homme,DCD5D99FA3C569B6820B6EA3A74DBC63,18/02/2015 13:43:56,€,E040A0572CDFDFDB9E64E943CA015730,F6423457AD5DAA885F892D5ABAC69A43,55,3159,24758_Lidlfr_promo_3159_14499,Lidl.fr_promo,24758_Lidlfr_promo,24758,http://www.Lidl.fr/fr/offres-513.htm?id=589,,,,
24765_Lidlfr_promo_3159_14499,Nos offres/Lundi 16/02|Auto/Moto/Lundi 16/02,L'unité,Couvre-selle pour scooter,24765_Lidlfr_promo,,24765_Lidlfr_promo_3159,47,<strong class="price pricebutton" style="                color:#f17230;            "> € 6.99  L'unité,10,6.99,14499,B35290AA7D48EDA8FEC1BCB7997F5881,Couvre-selle pour scooter,215C709F4289F89630535549BA28103D,18/02/2015 13:43:57,€,4F719046C94E0AB09B4DF159190F849D,511A767823E5718ACE2B93439CD79AC2,55,3159,24765_Lidlfr_promo_3159_14499,Lidl.fr_promo,24765_Lidlfr_promo,24765,http://www.Lidl.fr/fr/offres-513.htm?id=589,,,,
24767_Lidlfr_promo_3159_14499,Nos offres/Lundi 16/02|Auto/Moto/Lundi 16/02,Le set,Câbles de démarrage aluminium,24767_Lidlfr_promo,,24767_Lidlfr_promo_3159,47,<strong class="price pricebutton" style="                color:#f17230;            "> € 9.99  Le set,12,9.99,14499,85DB49D16E5DDA6BA964EEB583C9CA2E,Câbles de démarrage aluminium,515352FB68C5025F0467090B6E455038,18/02/2015 13:43:58,€,48E83F8EBD8B2E0227D046925487ACA8,8158A29C3B5E8D4E8D591D607CFE77B0,55,3159,24767_Lidlfr_promo_3159_14499,Lidl.fr_promo,24767_Lidlfr_promo,24767,http://www.Lidl.fr/fr/offres-513.htm?id=589,,,,
24789_Lidlfr_promo_3159_14499,Nos offres/Lundi 16/02|Mode enfant/Lundi 16/02,La paire au choix,Bottes de pluie enfant,24789_Lidlfr_promo,,24789_Lidlfr_promo_3159,46,<strong class="price pricebutton" style="                color:#ee73aa;            "> € 9.99*  La paire au choix,1,9.99,14499,466FA431B04ADC4F270ECE5623BC69CD,Bottes de pluie enfant,3CD4EA9F65D7F6B1260DC8C91D2C0DF6,18/02/2015 13:43:52,€,ED90A5B3A53F43CAC2D59ACF7301E1CA,414E181C908E9B035425E6C057C288E5,55,3159,24789_Lidlfr_promo_3159_14499,Lidl.fr_promo,24789_Lidlfr_promo,24789,http://www.Lidl.fr/fr/offres-513.htm?id=588,,,,
24790_Lidlfr_promo_3159_14499,Nos offres/Lundi 16/02|Mode enfant/Lundi 16/02,L'unité au choix,Veste imperméable garçon,24790_Lidlfr_promo,,24790_Lidlfr_promo_3159,46,<strong class="price pricebutton" style="                color:#ee73aa;            "> € 9.99  L'unité au choix,2,9.99,14499,A8B2F7E8E0A51080F80004E7B75F34DA,Veste imperméable garçon,59E245F0A4705EBA3C5FB1651DBA4A3C,18/02/2015 13:43:52,€,258BA4BED4DE751EED00ED0A2FD81953,C573F25877C971C5CA3AA000F1EDCA35,55,3159,24790_Lidlfr_promo_3159_14499,Lidl.fr_promo,24790_Lidlfr_promo,24790,http://www.Lidl.fr/fr/offres-513.htm?id=588,,,,
24792_Lidlfr_promo_3159_14499,Nos offres/Lundi 16/02|Mode enfant/Lundi 16/02,La paire au choix,Chaussettes chaudes fille ou garçon,24792_Lidlfr_promo,,24792_Lidlfr_promo_3159,46,<strong class="price pricebutton" style="                color:#ee73aa;            "> € 1.99  La paire au choix,4,1.99,14499,FCFD99C0E0781189B40B0A50F12E9DB9,Chaussettes chaudes fille ou garçon,EBA876ECA9AB03577DC2BB8700DE701A,18/02/2015 13:43:52,€,08C7F3291FCC29068E193899BDDE9FC1,A962A696F2D82CFF7B5425A562468A46,55,3159,24792_Lidlfr_promo_3159_14499,Lidl.fr_promo,24792_Lidlfr_promo,24792,http://www.Lidl.fr/fr/offres-513.htm?id=588,,,,
24866_Lidlfr_promo_3159_14499,Nos offres/Mercredi 18/02|USA/Mercredi 18/02,450 g,Flips géants,24866_Lidlfr_promo,1 kg = 4.42 €,24866_Lidlfr_promo_3159,48,<strong class="price pricebutton" style="                color:#d83b30;            "> € 1.99  450 g  1 kg = 4.42 €,1,1.99,14499,75CE736F195E0E09E33CE8966E8F5802,Flips géants,246FE219A7E72AC1E436BD36294413E6,18/02/2015 13:44:01,€,256178B05935D740AAD5C310A0456CCA,FC524D9465535E3F32C487236668155F,55,3159,24866_Lidlfr_promo_3159_14499,Lidl.fr_promo,24866_Lidlfr_promo,24866,http://www.Lidl.fr/fr/offres-513.htm?id=591,,,,
24879_Lidlfr_promo_3159_14499,Nos offres/Mercredi 18/02|USA/Mercredi 18/02,240 g au choix,8 mini brownies,24879_Lidlfr_promo,1 kg = 5.79 €,24879_Lidlfr_promo_3159,48,<strong class="price pricebutton" style="                color:#d83b30;            "> € 1.39  240 g au choix  1 kg = 5.79 €,15,1.39,14499,124F0E1E702734E2978A3DF91F9AF601,8 mini brownies,C9CA0650A61B236B0360E36D0D0C59EF,18/02/2015 13:44:05,€,2F9767FB46BF66883A87642135798B77,52B8BC3917542528942A2D02A624D123,55,3159,24879_Lidlfr_promo_3159_14499,Lidl.fr_promo,24879_Lidlfr_promo,24879,http://www.Lidl.fr/fr/offres-513.htm?id=591,,,,
24880_Lidlfr_promo_3159_14499,Nos offres/Mercredi 18/02|USA/Mercredi 18/02,150 g au choix,Préparation laitière américaine,24880_Lidlfr_promo,1 kg = 3.27 €,24880_Lidlfr_promo_3159,48,<strong class="price pricebutton" style="                color:#d83b30;            "> € 0.49  150 g au choix  1 kg = 3.27 €,16,0.49,14499,48CD93475F83DEB526CB19B8A162DF72,Préparation laitière américaine,BF68CD99E575973396645EED1FC71916,18/02/2015 13:44:05,€,8D33B49970B136E6FB8A07161C8882A4,592F69EB8605FAF19BB15D0B370CFAC8,55,3159,24880_Lidlfr_promo_3159_14499,Lidl.fr_promo,24880_Lidlfr_promo,24880,http://www.Lidl.fr/fr/offres-513.htm?id=591,,,,
24882_Lidlfr_promo_3159_14499,Nos offres/Mercredi 18/02|USA/Mercredi 18/02,225 g au choix,Mini muffins,24882_Lidlfr_promo,1 kg = 6.62 €,24882_Lidlfr_promo_3159,48,<strong class="price pricebutton" style="                color:#d83b30;            "> € 1.49  225 g au choix  1 kg = 6.62 €,18,1.49,14499,178A57635940E289065FACF1081E328F,Mini muffins,14F006512B8E961F9473BC7EEDFD3EF8,18/02/2015 13:44:05,€,9F26B8EB0869703EFA63B3B1753CFDF8,32E0740FC318FC059523A2F830A5B248,55,3159,24882_Lidlfr_promo_3159_14499,Lidl.fr_promo,24882_Lidlfr_promo,24882,http://www.Lidl.fr/fr/offres-513.htm?id=591,,,,
24943_Lidlfr_promo_3159_14499,Nos offres/Jeudi 19/02|Maison/Jeudi 19/02,L'unité au choix,Horloge murale rétro,24943_Lidlfr_promo,,24943_Lidlfr_promo_3159,50,<strong class="price pricebutton" style="                color:#f3846a;            "> € 4.99*  L'unité au choix,5,4.99,14499,5446D3A9F8135951E7C1C87CE3137751,Horloge murale rétro,4D1BDDFB5FCCEB2B87DA151D1302E92E,18/02/2015 13:44:13,€,EF5A555C9BF35CCAC806BBD9F0497F33,E6EC91CBA600CA785D5E02BEB0D0C8EB,55,3159,24943_Lidlfr_promo_3159_14499,Lidl.fr_promo,24943_Lidlfr_promo,24943,http://www.Lidl.fr/fr/offres-513.htm?id=592,,,,
24949_Lidlfr_promo_3159_14499,Nos offres/Jeudi 19/02|Maison/Jeudi 19/02,L'unité au choix,Tablier de cuisine,24949_Lidlfr_promo,,24949_Lidlfr_promo_3159,50,<strong class="price pricebutton" style="                color:#f3846a;            "> € 3.99  L'unité au choix,7,3.99,14499,979C77802AED623E9888DB6886021BFD,Tablier de cuisine,ADAA101110A540012FBE241568810B46,18/02/2015 13:44:13,€,88A3A395AAA048564A624A6CE8A7A2C2,2FF9DC13024F20C0D3CF1F9474C5A03F,55,3159,24949_Lidlfr_promo_3159_14499,Lidl.fr_promo,24949_Lidlfr_promo,24949,http://www.Lidl.fr/fr/offres-513.htm?id=592,,,,
24950_Lidlfr_promo_3159_14499,Nos offres/Jeudi 19/02|Maison/Jeudi 19/02,Le set au choix,Gant et manique,24950_Lidlfr_promo,,24950_Lidlfr_promo_3159,50,<strong class="price pricebutton" style="                color:#f3846a;            "> € 2.99  Le set au choix,8,2.99,14499,27C21BD8C93F753FF83A774B03882FFA,Gant et manique,E7A99237040219D00DBC33556B8E4A62,18/02/2015 13:44:14,€,5BF1A3F373761405824D28091DE84248,EA16C8AD502B00DD6EB031B3FD35D738,55,3159,24950_Lidlfr_promo_3159_14499,Lidl.fr_promo,24950_Lidlfr_promo,24950,http://www.Lidl.fr/fr/offres-513.htm?id=592,,,,
25014_Lidlfr_promo_3159_14499,Nos offres/Lundi 23/02|Extérieur/Lundi 23/02,Le pot de 1 L,Peinture blanche express,25014_Lidlfr_promo,,25014_Lidlfr_promo_3159,51,<strong class="price pricebutton" style="                color:#4b650d;            "> € 5.99  Le pot de 1 L,4,5.99,14499,26CFA99510B5CE22D04AF4660985DFC8,Peinture blanche express,B29FB61395B2C82D7CF6D3C8D00A7A95,18/02/2015 13:44:23,€,AC224CAB60CEFC6AA2E2A77E64C2C1A8,AD4064ED89C079795893AED6055C1A90,55,3159,25014_Lidlfr_promo_3159_14499,Lidl.fr_promo,25014_Lidlfr_promo,25014,http://www.Lidl.fr/fr/offres-513.htm?id=594,,,,
25016_Lidlfr_promo_3159_14499,Nos offres/Lundi 23/02|Extérieur/Lundi 23/02,Le pot de 25 L,Gel de protection du bois,25016_Lidlfr_promo,1 L = 3.19 €,25016_Lidlfr_promo_3159,51,<strong class="price pricebutton" style="                color:#4b650d;            "> € 7.99  Le pot de 25 L  1 L = 3.19 €,6,7.99,14499,FB9A25BA2C10024FCCE222BF224FA8EB,Gel de protection du bois,53851BF467E40760378FCC61EF6D30A5,18/02/2015 13:44:24,€,D92EED38A4CC9948AA4C9182724DC079,7B080BAC7A1E553D6DA63936A525C619,55,3159,25016_Lidlfr_promo_3159_14499,Lidl.fr_promo,25016_Lidlfr_promo,25016,http://www.Lidl.fr/fr/offres-513.htm?id=594,,,,
24837_Lidlfr_promo_3159_14499,Nos offres/Jeudi 19/02|Douce nuit/Jeudi 19/02,L'unité,Oreiller ergonomique en microfibre,24837_Lidlfr_promo,,24837_Lidlfr_promo_3159,49,<strong class="price pricebutton" style="                color:#a65c9b;            "> € 8.99  L'unité,3,8.99,14499,16D26546EF541F433C228B4DD5AD3FFA,Oreiller ergonomique en microfibre,7D90F40B01FE05929D35B045A344F76E,18/02/2015 13:44:08,€,D1745DE5332C12A2AA651619D004BF54,E75B50AAF9E8125E58481A0CFF44B539,55,3159,24837_Lidlfr_promo_3159_14499,Lidl.fr_promo,24837_Lidlfr_promo,24837,http://www.Lidl.fr/fr/offres-513.htm?id=590,,,,
24840_Lidlfr_promo_3159_14499,Nos offres/Jeudi 19/02|Douce nuit/Jeudi 19/02,L'unité au choix,Couette en microfibre,24840_Lidlfr_promo,,24840_Lidlfr_promo_3159,49,<strong class="price pricebutton" style="                color:#a65c9b;            "> à partir de  € 12.99  L'unité au choix,4,12.99,14499,388E802435DF875E09F17C2830D3E132,Couette en microfibre,DCFAE8866EDA29B6D2CBC4832F80D026,18/02/2015 13:44:08,€,0D8260F9E5D8ABFC6FFEBB9A012C3C3F,C32E57398A4A3D95CB29CE12AE30E18F,55,3159,24840_Lidlfr_promo_3159_14499,Lidl.fr_promo,24840_Lidlfr_promo,24840,http://www.Lidl.fr/fr/offres-513.htm?id=590,,,,
24846_Lidlfr_promo_3159_14499,Nos offres/Jeudi 19/02|Douce nuit/Jeudi 19/02,L'ensemble au choix,Pyjama femme,24846_Lidlfr_promo,,24846_Lidlfr_promo_3159,49,<strong class="price pricebutton" style="                color:#a65c9b;            "> € 9.99  L'ensemble au choix,6,9.99,14499,8CC9CE6911524144D30972187EAB6BE0,Pyjama femme,881D31230FDEDA72776FA10F99457A25,18/02/2015 13:44:09,€,1B7855D3016EAFAF1004F27D4C1AE382,3B5D4919C43697E04AE8F965BC07ACD1,55,3159,24846_Lidlfr_promo_3159_14499,Lidl.fr_promo,24846_Lidlfr_promo,24846,http://www.Lidl.fr/fr/offres-513.htm?id=590,,,,
24855_Lidlfr_promo_3159_14499,Nos offres/Jeudi 19/02|Douce nuit/Jeudi 19/02,L'ensemble au choix,Pyjama fille ou garçon,24855_Lidlfr_promo,,24855_Lidlfr_promo_3159,49,<strong class="price pricebutton" style="                color:#a65c9b;            "> € 5.99  L'ensemble au choix,8,5.99,14499,9244CEBD6105E601E070DF17249EE20C,Pyjama fille ou garçon,22F13BFE2A2481A3ABE107812E6D23C1,18/02/2015 13:44:09,€,D48873E81F2B96D6BBD94CB9C11A7EFE,28614D9BC22C8A1EC4B6FAFD953EF378,55,3159,24855_Lidlfr_promo_3159_14499,Lidl.fr_promo,24855_Lidlfr_promo,24855,http://www.Lidl.fr/fr/offres-513.htm?id=590,,,,
24945_Lidlfr_promo_3159_14499,Nos offres/Jeudi 19/02|Maison/Jeudi 19/02,L'unité au choix,Mini commode,24945_Lidlfr_promo,,24945_Lidlfr_promo_3159,50,<strong class="price pricebutton" style="                color:#f3846a;            "> € 9.99*  L'unité au choix,2,9.99,14499,98739508E1EEBA6326D0E5CDD3908BBB,Mini commode,E3DED39E1137525B6DA1D1DFCFB917DF,18/02/2015 13:44:12,€,9245A2F8B110414F4E48AE079A63B8B7,E7D849AD71F30E44BED446AC00507F58,55,3159,24945_Lidlfr_promo_3159_14499,Lidl.fr_promo,24945_Lidlfr_promo,24945,http://www.Lidl.fr/fr/offres-513.htm?id=592,,,,
24947_Lidlfr_promo_3159_14499,Nos offres/Jeudi 19/02|Maison/Jeudi 19/02,L'unité au choix,Casier à miniatures,24947_Lidlfr_promo,,24947_Lidlfr_promo_3159,50,<strong class="price pricebutton" style="                color:#f3846a;            "> € 11.99*  L'unité au choix,4,11.99,14499,0A64EE4C558BDD5B6E815B51A89E914F,Casier à miniatures,C55E23A788A8522E886BBF6E74AC835E,18/02/2015 13:44:13,€,62D877C04A2150CDB6AADA41F440C166,44AEABC3C16B195BA97B91A17DFD6F05,55,3159,24947_Lidlfr_promo_3159_14499,Lidl.fr_promo,24947_Lidlfr_promo,24947,http://www.Lidl.fr/fr/offres-513.htm?id=592,,,,
25012_Lidlfr_promo_3159_14499,Nos offres/Lundi 23/02|Extérieur/Lundi 23/02,Le pot de 750 ml,Peinture pour métaux,25012_Lidlfr_promo,1 L = 7.98 €,25012_Lidlfr_promo_3159,51,<strong class="price pricebutton" style="                color:#4b650d;            "> € 5.99  Le pot de 750 ml  1 L = 7.98 €,2,5.99,14499,1147B6284148FBF54F0283B589FE812E,Peinture pour métaux,22F6C864C455FCBBA2B83CE0E7E3D96C,18/02/2015 13:44:23,€,B96DB5ED23A1AB99D9E5A79D903F1ECC,B71FAF915B91184A5C4DC56C7D6262DA,55,3159,25012_Lidlfr_promo_3159_14499,Lidl.fr_promo,25012_Lidlfr_promo,25012,http://www.Lidl.fr/fr/offres-513.htm?id=594,,,,
24877_Lidlfr_promo_3159_14499,Nos offres/Mercredi 18/02|USA/Mercredi 18/02,250 ml,Sirop d'érable,24877_Lidlfr_promo,1 L = 13.96 €,24877_Lidlfr_promo_3159,48,<strong class="price pricebutton" style="                color:#d83b30;            "> € 3.49  250 ml  1 L = 13.96 €,13,3.49,14499,22D7892E667D070A72064E9C340816D2,Sirop d'érable,0C58C13A925D4E8E7747089CF55AEBC7,18/02/2015 13:44:04,€,4BA046AD2466EE3B7A69BFDC10AFD26A,8F4131479DEFDE8DC2F27D096C15D72F,55,3159,24877_Lidlfr_promo_3159_14499,Lidl.fr_promo,24877_Lidlfr_promo,24877,http://www.Lidl.fr/fr/offres-513.htm?id=591,,,,
24952_Lidlfr_promo_3159_14499,Nos offres/Jeudi 19/02|Maison/Jeudi 19/02,L'unité au choix,Coussin de chaise,24952_Lidlfr_promo,,24952_Lidlfr_promo_3159,50,<strong class="price pricebutton" style="                color:#f3846a;            "> € 4.99  L'unité au choix,10,4.99,14499,CFCDE28B44ED495CE196D3BC44D073EF,Coussin de chaise,AE73182EA716D24AC18A81CBD3C18C99,18/02/2015 13:44:14,€,CBB9EC6D8C79E3C705A851646FAD95AE,C9CE98A38EBB27CCDB0E5083F2CFCDE7,55,3159,24952_Lidlfr_promo_3159_14499,Lidl.fr_promo,24952_Lidlfr_promo,24952,http://www.Lidl.fr/fr/offres-513.htm?id=592,,,,
25139_Lidlfr_promo_3159_14499,Nos offres/Mercredi 25/02|Viandes de bœuf/Mercredi 25/02,240 g,Bifteck,25139_Lidlfr_promo,1 kg = 13.54 €,25139_Lidlfr_promo_3159,53,<strong class="price pricebutton" style="                color:#eb212e;            "> € 3.25  240 g  1 kg = 13.54 €,1,3.25,14499,2E3EEE1020B74E07FFB169357EFE904B,Bifteck,4DF8AA6B58A14DF9EF67D5EA3464A17D,18/02/2015 13:44:35,€,4A23A1F9E9BD21FF571AC018A68369F7,077C7FB8FCF33CEC814D0BDE680AA041,55,3159,25139_Lidlfr_promo_3159_14499,Lidl.fr_promo,25139_Lidlfr_promo,25139,http://www.Lidl.fr/fr/offres-513.htm?id=597,,,,
25148_Lidlfr_promo_3159_14499,Nos offres/Mercredi 25/02|Viandes de bœuf/Mercredi 25/02,400 g,4 steaks hachés pur bœuf,25148_Lidlfr_promo,1 kg = 5.98 €,25148_Lidlfr_promo_3159,53,<small class="pricecut" style="                color:#ffffff;                            background-color:#B41E0A;                            border:1px solid #B41E0A;            "> -20% <em class="priceold" style="                border-left: 2px solid #B41E0A;            "> 2.99   <small class="specialdesc" style="                background-color: #B41E0A;            ">18/02 - 03/03  <strong class="price pricebutton" style="                color:#eb212e;            "> € 2.39    400 g  1 kg = 5.98 €,2,2.39,14499,9C6128F46A78D242EEE432DF59C4F219,4 steaks hachés pur bœuf,B8D39A14BD9D6165F3B57A1A6592FEBD,18/02/2015 13:44:35,€,5DF78401E66764C0A0D63099C7688BE5,861771F24543EAB4B20BD2E057A44C39,55,3159,25148_Lidlfr_promo_3159_14499,Lidl.fr_promo,25148_Lidlfr_promo,25148,http://www.Lidl.fr/fr/offres-513.htm?id=597,-20%,18/02 - 03/03,2.99,
25106_Lidlfr_promo_3159_14499,Nos offres/Mercredi 25/02|Savoie/Mercredi 25/02,6 x 125 g,Yaourt de Savoie "Plaisir des Alpes",25106_Lidlfr_promo,1 kg = 2.92 €,25106_Lidlfr_promo_3159,52,<strong class="price pricebutton" style="                color:#007d9b;            "> € 2.19  6 x 125 g  1 kg = 2.92 €,13,2.19,14499,BEBB6C46E59528B5EEEAD71EAF87C6DB,Yaourt de Savoie "Plaisir des Alpes",2CE19567F5D8C3403769216898D619EF,18/02/2015 13:44:31,€,6A521C0D1EF7FC1EA8DD72C68FBC5512,7C07C57FDAC8C86EDCA57EFCDC5134A1,55,3159,25106_Lidlfr_promo_3159_14499,Lidl.fr_promo,25106_Lidlfr_promo,25106,http://www.Lidl.fr/fr/offres-513.htm?id=596,,,,
25108_Lidlfr_promo_3159_14499,Nos offres/Mercredi 25/02|Savoie/Mercredi 25/02,75 cl,Vin de Savoie Terroirs d'Exception 2014 AOP,25108_Lidlfr_promo,1 L = 5.32 €,25108_Lidlfr_promo_3159,52,<strong class="price pricebutton" style="                color:#007d9b;            "> € 3.99  75 cl  1 L = 5.32 €,15,3.99,14499,FC497958E88CBF542BD0860F5E328A45,Vin de Savoie Terroirs d'Exception 2014 AOP,8EEAE2B74455E17B5E0AEA54ADA692A0,18/02/2015 13:44:32,€,19BE84CE4049B0D748CD85FD127E771C,97D59BBB0FA57E38380BF3415B38B044,55,3159,25108_Lidlfr_promo_3159_14499,Lidl.fr_promo,25108_Lidlfr_promo,25108,http://www.Lidl.fr/fr/offres-513.htm?id=596,,,,
25140_Lidlfr_promo_3159_14499,Nos offres/Mercredi 25/02|Viandes de bœuf/Mercredi 25/02,170 g,Faux-filet,25140_Lidlfr_promo,1 kg = 17.59 €,25140_Lidlfr_promo_3159,53,<strong class="price pricebutton" style="                color:#eb212e;            "> € 2.99  170 g  1 kg = 17.59 €,3,2.99,14499,5DDB6D696DE47B9B7534A11AB2396128,Faux-filet,910C398D9A46BFDB034EF10C0277BDCE,18/02/2015 13:44:35,€,61CF1A108B283BE57910FF007C6F0C93,6CA2A46DDEF1AE69E6F8B205456FD3AE,55,3159,25140_Lidlfr_promo_3159_14499,Lidl.fr_promo,25140_Lidlfr_promo,25140,http://www.Lidl.fr/fr/offres-513.htm?id=597,,,,
25142_Lidlfr_promo_3159_14499,Nos offres/Mercredi 25/02|Viandes de bœuf/Mercredi 25/02,10 x 100 g,10 hachés au bœuf "Le tendre et savoureux",25142_Lidlfr_promo,,25142_Lidlfr_promo_3159,53,<strong class="price pricebutton" style="                color:#eb212e;            "> € 4.89  10 x 100 g,5,4.89,14499,3A14EEC11479106505D394BC73729C63,10 hachés au bœuf "Le tendre et savoureux",F8A1670D942279DBFEF80F6EB1278879,18/02/2015 13:44:36,€,0E9FFDB67799AA5E6AB68D217FC0C678,9940DC91E5D2185602912EF38945FCEA,55,3159,25142_Lidlfr_promo_3159_14499,Lidl.fr_promo,25142_Lidlfr_promo,25142,http://www.Lidl.fr/fr/offres-513.htm?id=597,,,,
25098_Lidlfr_promo_3159_14499,Nos offres/Mercredi 25/02|Savoie/Mercredi 25/02,600 g,Tartiflette au reblochon de Savoie AOP,25098_Lidlfr_promo,1 kg = 7.98 €,25098_Lidlfr_promo_3159,52,<strong class="price pricebutton" style="                color:#007d9b;            "> € 4.79  600 g  1 kg = 7.98 €,5,4.79,14499,FA17EE6B7CF2366C4C7A986B3A0A6A14,Tartiflette au reblochon de Savoie AOP,1DAB753BEA1734F9B218AE53F3119199,18/02/2015 13:44:29,€,78BD0CB55E58C66640A0611278F59054,1FE165377D4907F0EA45A5397520B85C,55,3159,25098_Lidlfr_promo_3159_14499,Lidl.fr_promo,25098_Lidlfr_promo,25098,http://www.Lidl.fr/fr/offres-513.htm?id=596,,,,
25100_Lidlfr_promo_3159_14499,Nos offres/Mercredi 25/02|Savoie/Mercredi 25/02,2 x 150 g au choix,Feuilletés,25100_Lidlfr_promo,1 kg = 5.97 €,25100_Lidlfr_promo_3159,52,<strong class="price pricebutton" style="                color:#007d9b;            "> € 1.79  2 x 150 g au choix  1 kg = 5.97 €,7,1.79,14499,1D48ED27F959AD21497588BEA2593575,Feuilletés,711889ACCBA604083FD927FCE35D108F,18/02/2015 13:44:29,€,AD3D37A459E34DB7ABEFDB2CBACFECC1,92E84FA86A270EA72D92C0293FD678EE,55,3159,25100_Lidlfr_promo_3159_14499,Lidl.fr_promo,25100_Lidlfr_promo,25100,http://www.Lidl.fr/fr/offres-513.htm?id=596,,,,
25102_Lidlfr_promo_3159_14499,Nos offres/Mercredi 25/02|Savoie/Mercredi 25/02,300 g,Mini délices au beaufort,25102_Lidlfr_promo,1 kg = 4.97 €,25102_Lidlfr_promo_3159,52,<strong class="price pricebutton" style="                color:#007d9b;            "> € 1.49  300 g  1 kg = 4.97 €,9,1.49,14499,5B4AF43745AECBBB20F266382215B83E,Mini délices au beaufort,B4B355A60D00686B7440C3A19BE0269E,18/02/2015 13:44:30,€,B796C5F1694FED0C55BC32B4DA05E3D7,934AE3FE682FD9B04E9A8B15DD789911,55,3159,25102_Lidlfr_promo_3159_14499,Lidl.fr_promo,25102_Lidlfr_promo,25102,http://www.Lidl.fr/fr/offres-513.htm?id=596,,,,
25104_Lidlfr_promo_3159_14499,Nos offres/Mercredi 25/02|Savoie/Mercredi 25/02,720 g,4 hachés de porc savoyards,25104_Lidlfr_promo,1 kg = 6.93 €,25104_Lidlfr_promo_3159,52,<strong class="price pricebutton" style="                color:#007d9b;            "> € 4.99  720 g  1 kg = 6.93 €,11,4.99,14499,2DAB478724A84CA4F66041099010C253,4 hachés de porc savoyards,AECA71264092CEE287F1CBD0BF1E1161,18/02/2015 13:44:30,€,93C0FFFFF6B3C807511430ADBAC5806F,DEBCAF71BEE6F0241371E32F2620B2DD,55,3159,25104_Lidlfr_promo_3159_14499,Lidl.fr_promo,25104_Lidlfr_promo,25104,http://www.Lidl.fr/fr/offres-513.htm?id=596,,,,
25144_Lidlfr_promo_3159_14499,Nos offres/Mercredi 25/02|Viandes de bœuf/Mercredi 25/02,4 x 100 g,Steak haché pur bœuf,25144_Lidlfr_promo,1 kg = 8.73 €,25144_Lidlfr_promo_3159,53,<strong class="price pricebutton" style="                color:#eb212e;            "> € 3.49  4 x 100 g  1 kg = 8.73 €,7,3.49,14499,FE289A62184C1F5E3652FE11A992D055,Steak haché pur bœuf,C7C87D8CDF76C6077998D60B20149888,18/02/2015 13:44:36,€,3016D01D75C4E1B90A2CFA67A216A001,208C538E54592A60BDE61D93E10CDE94,55,3159,25144_Lidlfr_promo_3159_14499,Lidl.fr_promo,25144_Lidlfr_promo,25144,http://www.Lidl.fr/fr/offres-513.htm?id=597,,,,
25146_Lidlfr_promo_3159_14499,Nos offres/Mercredi 25/02|Viandes de bœuf/Mercredi 25/02,800 g,Viande hachée pur bœuf,25146_Lidlfr_promo,1 kg = 6.24 €,25146_Lidlfr_promo_3159,53,<strong class="price pricebutton" style="                color:#eb212e;            "> € 4.99  800 g  1 kg = 6.24 €,9,4.99,14499,B1713CBB8345EAF4E9A08E731E6B739E,Viande hachée pur bœuf,872402869B1E1BC5A4F33A9669BCA710,18/02/2015 13:44:37,€,A2B4268DC27CD9230C3F4C2B582AE929,8C317A7C6C3E9BD6382554CE9F0811AA,55,3159,25146_Lidlfr_promo_3159_14499,Lidl.fr_promo,25146_Lidlfr_promo,25146,http://www.Lidl.fr/fr/offres-513.htm?id=597,,,,
25018_Lidlfr_promo_3159_14499,Nos offres/Lundi 23/02|Extérieur/Lundi 23/02,L'unité ou le set au choix,Accessoire(s) de jardinage,25018_Lidlfr_promo,,25018_Lidlfr_promo_3159,51,<strong class="price pricebutton" style="                color:#4b650d;            "> € 1.99  L'unité ou le set au choix,8,1.99,14499,7A66AED3E1A8AB2D9934B83DA72C3864,Accessoire(s) de jardinage,86B6362A0AF4870C20D954A8510BBFC1,18/02/2015 13:44:24,€,7012472ED7059DAFDCE14E3657765822,3E70BABF4BCFB88FF496D2F8326BA174,55,3159,25018_Lidlfr_promo_3159_14499,Lidl.fr_promo,25018_Lidlfr_promo,25018,http://www.Lidl.fr/fr/offres-513.htm?id=594,,,,
25021_Lidlfr_promo_3159_14499,Nos offres/Lundi 23/02|Extérieur/Lundi 23/02,L'unité,Sac à végétaux pliable,25021_Lidlfr_promo,,25021_Lidlfr_promo_3159,51,<strong class="price pricebutton" style="                color:#4b650d;            "> € 4.99  L'unité,9,4.99,14499,1EC0F43A4795A9E8131872CADE2DA298,Sac à végétaux pliable,A4033F9FFC13F5988F7FC4CF1456F7FF,18/02/2015 13:44:24,€,57B47BEA714CE977DD8A38A864D86116,4A6691C609E4D04769C91B4B6F2D5358,55,3159,25021_Lidlfr_promo_3159_14499,Lidl.fr_promo,25021_Lidlfr_promo,25021,http://www.Lidl.fr/fr/offres-513.htm?id=594,,,,
25096_Lidlfr_promo_3159_14499,Nos offres/Mercredi 25/02|Savoie/Mercredi 25/02,250 g,Saucisson sec au beaufort,25096_Lidlfr_promo,1 kg = 10.36 €,25096_Lidlfr_promo_3159,52,<strong class="price pricebutton" style="                color:#007d9b;            "> € 2.59  250 g  1 kg = 10.36 €,2,2.59,14499,B449CF9B60C91C973A7AC7E543D76E89,Saucisson sec au beaufort,53EC8DC0F2A60DF242A6DFE0326F5523,18/02/2015 13:44:28,€,F0F9BE120741DE7488BF4C20444C1C07,E72F04340BA52EEB59AAC43D472D1D31,55,3159,25096_Lidlfr_promo_3159_14499,Lidl.fr_promo,25096_Lidlfr_promo,25096,http://www.Lidl.fr/fr/offres-513.htm?id=596,,,,
25111_Lidlfr_promo_3159_14499,Nos offres/Mercredi 25/02|Savoie/Mercredi 25/02,400 g,Pralines aux amandes,25111_Lidlfr_promo,1 kg = 7.48 €,25111_Lidlfr_promo_3159,52,<strong class="price pricebutton" style="                color:#007d9b;            "> € 2.99  400 g  1 kg = 7.48 €,18,2.99,14499,6539C55D43797DA54B7D746B5C7AC827,Pralines aux amandes,E76F39E3E3B8253CAAE7F6E0F62D3812,18/02/2015 13:44:32,€,51FADFEDA8335DC20770DDEE83BFE4B1,821B7564A31A15C15F5670DE9E5E127D,55,3159,25111_Lidlfr_promo_3159_14499,Lidl.fr_promo,25111_Lidlfr_promo,25111,http://www.Lidl.fr/fr/offres-513.htm?id=596,,,,
24932_Lidlfr_promo_3159_14499,Nos promos/Moins cher,200 g au choix,Cookies au chocolat,24932_Lidlfr_promo,1 kg = 2.95 €,24932_Lidlfr_promo_3159,55,<small class="pricecut" style="                color:#e52031;                            background-color:#ffffff;                            border:1px solid #e52031;            "> -14% <em class="priceold" style="                border-left: 2px solid #e52031;            "> 0.69   <small class="specialdesc" style="                background-color: #e52031;            ">18/02 - 24/02  <strong class="price pricebutton" style="                color:#e52031;            "> € 0.59    200 g au choix  1 kg = 2.95 €,9,0.59,14499,7BECE1E8D64BBB4460FDCBAA962D91A3,Cookies au chocolat,981EC8F78B1410251B48BA65383C40EB,18/02/2015 13:44:44,€,9F8B0AE4D080FC72742B82CE172550EA,817FA9146E77F93396B5B4A108F58CFA,55,3159,24932_Lidlfr_promo_3159_14499,Lidl.fr_promo,24932_Lidlfr_promo,24932,http://www.Lidl.fr/fr/moins-cher.htm,-14%,18/02 - 24/02,0.69,
24934_Lidlfr_promo_3159_14499,Nos promos/Moins cher,5 x 38 g au choix,Mentos,24934_Lidlfr_promo,1 kg = 7.68 €,24934_Lidlfr_promo_3159,55,<small class="pricecut" style="                color:#e52031;                            background-color:#ffffff;                            border:1px solid #e52031;            "> -30% <em class="priceold" style="                border-left: 2px solid #e52031;            "> 2.09   <small class="specialdesc" style="                background-color: #e52031;            ">18/02 - 24/02  <strong class="price pricebutton" style="                color:#e52031;            "> € 1.46    5 x 38 g au choix  1 kg = 7.68 €,11,1.46,14499,0D2D3D90DB2EAEA362930B63E0E4D106,Mentos,9D18530E3C595C2B8ED3D1B5EA7AC196,18/02/2015 13:44:44,€,E98E1FD817622932BC9C1812E8B4E430,208983B70B0FC2F3844880698AF78A6F,55,3159,24934_Lidlfr_promo_3159_14499,Lidl.fr_promo,24934_Lidlfr_promo,24934,http://www.Lidl.fr/fr/moins-cher.htm,-30%,18/02 - 24/02,2.09,
24936_Lidlfr_promo_3159_14499,Nos promos/Moins cher,Soit le lot de 2 x 25 L,Le Chat Sensitive lessive liquide,24936_Lidlfr_promo,1 L = 2.55 €,24936_Lidlfr_promo_3159,55,<small class="pricecut" style="                color:#e52031;                            background-color:#ffffff;                            border:1px solid #e52031;            "> -50% sur le 2ème  <small class="specialdesc" style="                background-color: #e52031;            ">18/02 - 24/02  <strong class="price pricebutton" style="                color:#e52031;            "> € 12.73     Soit le lot de 2 x 25 L  1 L = 2.55 €,13,12.73,14499,C9FE6C447E8DD44984451FE8142381AF,Le Chat Sensitive lessive liquide,A69EF1F57C6091B043B9190779E6CD80,18/02/2015 13:44:44,€,06B41C7C804747BEEF1752DE78070E18,C0C29D6E2DD3F877B24A575D79081598,55,3159,24936_Lidlfr_promo_3159_14499,Lidl.fr_promo,24936_Lidlfr_promo,24936,http://www.Lidl.fr/fr/moins-cher.htm,-50% sur le 2ème,18/02 - 24/02,,
25159_Lidlfr_promo_3159_14499,Nos promos/Moins cher,480 g,4 saucisses de Toulouse,25159_Lidlfr_promo,1 kg = 4.35 €,25159_Lidlfr_promo_3159,55,<small class="pricecut" style="                color:#e52031;                            background-color:#ffffff;                            border:1px solid #e52031;            "> -21% <em class="priceold" style="                border-left: 2px solid #e52031;            "> 2.65   <small class="specialdesc" style="                background-color: #e52031;            ">25/02 - 03/03  <strong class="price pricebutton" style="                color:#e52031;            "> € 2.09    480 g  1 kg = 4.35 €,14,2.09,14499,E73ECEEA94CB88EC1AD17E96EAB6A903,4 saucisses de Toulouse,4A74C69A02F3A6001FC6E8089D5968F8,18/02/2015 13:44:44,€,B7D8BB5564F522786EFE46110D8D6AC5,73A28B73543C4FE7C22EF24532315015,55,3159,25159_Lidlfr_promo_3159_14499,Lidl.fr_promo,25159_Lidlfr_promo,25159,http://www.Lidl.fr/fr/moins-cher.htm,-21%,25/02 - 03/03,2.65,
25160_Lidlfr_promo_3159_14499,Nos promos/Moins cher,340 g,4 diots de Savoie fumés,25160_Lidlfr_promo,1 kg = 5.85 €,25160_Lidlfr_promo_3159,55,<small class="pricecut" style="                color:#e52031;                            background-color:#ffffff;                            border:1px solid #e52031;            "> -20% <em class="priceold" style="                border-left: 2px solid #e52031;            "> 2.49   <small class="specialdesc" style="                background-color: #e52031;            ">25/02 - 03/03  <strong class="price pricebutton" style="                color:#e52031;            "> € 1.99    340 g  1 kg = 5.85 €,15,1.99,14499,02C2E2B1D347741983E32B870C0B997C,4 diots de Savoie fumés,C6A733F302D77EC0F348FDC0AC17881A,18/02/2015 13:44:44,€,E40ECE184C9AD70728C66510A78583C1,24D1F9DBB53D751422970F91CAA12DF6,55,3159,25160_Lidlfr_promo_3159_14499,Lidl.fr_promo,25160_Lidlfr_promo,25160,http://www.Lidl.fr/fr/moins-cher.htm,-20%,25/02 - 03/03,2.49,
25162_Lidlfr_promo_3159_14499,Nos promos/Moins cher,225 g,Saucisson sec Label Rouge,25162_Lidlfr_promo,1 kg = 9.73 €,25162_Lidlfr_promo_3159,55,<small class="pricecut" style="                color:#e52031;                            background-color:#ffffff;                            border:1px solid #e52031;            "> -21% <em class="priceold" style="                border-left: 2px solid #e52031;            "> 2.79   <small class="specialdesc" style="                background-color: #e52031;            ">25/02 - 03/03  <strong class="price pricebutton" style="                color:#e52031;            "> € 2.19    225 g  1 kg = 9.73 €,17,2.19,14499,01F8BF5BFBF337AE759977A03444D555,Saucisson sec Label Rouge,7466CB7E54CB664B9AD043F8CA2A3B8B,18/02/2015 13:44:44,€,57C9138A8D3C30A408F4D80B438593D4,53EFC88B91116CC2A1C96CB17DDAC5CF,55,3159,25162_Lidlfr_promo_3159_14499,Lidl.fr_promo,25162_Lidlfr_promo,25162,http://www.Lidl.fr/fr/moins-cher.htm,-21%,25/02 - 03/03,2.79,
25164_Lidlfr_promo_3159_14499,Nos promos/Moins cher,500 g,Feuillantine comtoise,25164_Lidlfr_promo,1 kg = 6.38 €,25164_Lidlfr_promo_3159,55,<small class="pricecut" style="                color:#e52031;                            background-color:#ffffff;                            border:1px solid #e52031;            "> -20% <em class="priceold" style="                border-left: 2px solid #e52031;            "> 3.99   <small class="specialdesc" style="                background-color: #e52031;            ">25/02 - 03/03  <strong class="price pricebutton" style="                color:#e52031;            "> € 3.19    500 g  1 kg = 6.38 €,19,3.19,14499,2EA180BDAA7B303CC171B3C5FCA43ADE,Feuillantine comtoise,A2ED25C1C60A8E7200591E41D8444A36,18/02/2015 13:44:44,€,F0FEA54B07B8F8408BC8C49830B7BFFD,7B4D37D410B3B267742787492C5CCA46,55,3159,25164_Lidlfr_promo_3159_14499,Lidl.fr_promo,25164_Lidlfr_promo,25164,http://www.Lidl.fr/fr/moins-cher.htm,-20%,25/02 - 03/03,3.99,
25166_Lidlfr_promo_3159_14499,Nos promos/Moins cher,Le kilo,Cantal entre-deux AOP,25166_Lidlfr_promo,,25166_Lidlfr_promo_3159,55,<small class="pricecut" style="                color:#e52031;                            background-color:#ffffff;                            border:1px solid #e52031;            "> -16% sur prix kilo <em class="priceold" style="                border-left: 2px solid #e52031;            "> 8.30   <small class="specialdesc" style="                background-color: #e52031;            ">25/02 - 03/03  <strong class="price pricebutton" style="                color:#e52031;            "> € 6.89    Le kilo,21,6.89,14499,78AAB42961AFD9E3AFFB800BC062D1FE,Cantal entre-deux AOP,C6A381A70B6F0235B855964A4B997217,18/02/2015 13:44:45,€,F3DCD781BC51A1438D3AA6D5F68DD4E0,CEACAF9856F429DADABB36E45A45C7E2,55,3159,25166_Lidlfr_promo_3159_14499,Lidl.fr_promo,25166_Lidlfr_promo,25166,http://www.Lidl.fr/fr/moins-cher.htm,-16% sur prix kilo,25/02 - 03/03,8.30,
25168_Lidlfr_promo_3159_14499,Nos promos/Moins cher,250 g,Madeleines,25168_Lidlfr_promo,1 kg = 5.16 €,25168_Lidlfr_promo_3159,55,<small class="pricecut" style="                color:#e52031;                            background-color:#ffffff;                            border:1px solid #e52031;            "> -18% <em class="priceold" style="                border-left: 2px solid #e52031;            "> 1.59   <small class="specialdesc" style="                background-color: #e52031;            ">25/02 - 03/03  <strong class="price pricebutton" style="                color:#e52031;            "> € 1.29    250 g  1 kg = 5.16 €,23,1.29,14499,F884AE2317855C3BB7C974CD74D79618,Madeleines,8E198EDD1B07203E2218D06A060726C5,18/02/2015 13:44:45,€,B8884226F6BEA7EEB910A3215E9E6A19,2EED49993F93259B52FE9AD0F9D0C190,55,3159,25168_Lidlfr_promo_3159_14499,Lidl.fr_promo,25168_Lidlfr_promo,25168,http://www.Lidl.fr/fr/moins-cher.htm,-18%,25/02 - 03/03,1.59,
25171_Lidlfr_promo_3159_14499,Nos promos/Moins cher,75 cl,Côtes du Rhône Domaine AOP,25171_Lidlfr_promo,1 L = 2.65 €,25171_Lidlfr_promo_3159,55,<small class="pricecut" style="                color:#e52031;                            background-color:#ffffff;                            border:1px solid #e52031;            "> Moins cher ! <em class="priceold" style="                border-left: 2px solid #e52031;            "> 2.19   <small class="specialdesc" style="                background-color: #e52031;            ">25/02 - 03/03  <strong class="price pricebutton" style="                color:#e52031;            "> € 1.99    75 cl  1 L = 2.65 €,26,1.99,14499,B24A658FE4040F018ADD9E20411C26BC,Côtes du Rhône Domaine AOP,6F9475BD9CFB41EE60323F776C0F4C10,18/02/2015 13:44:45,€,E95221F816F7543381DDDC0586069350,3F485403B8671C13C3BF51FEE6E02132,55,3159,25171_Lidlfr_promo_3159_14499,Lidl.fr_promo,25171_Lidlfr_promo,25171,http://www.Lidl.fr/fr/moins-cher.htm,Moins cher !,25/02 - 03/03,2.19,
24918_Lidlfr_promo_3159_14499,Nos promos/Moins cher,10 x 100 g,10 burgers à l'oignon,24918_Lidlfr_promo,,24918_Lidlfr_promo_3159,55,<small class="pricecut" style="                color:#e52031;                            background-color:#ffffff;                            border:1px solid #e52031;            "> -13% <em class="priceold" style="                border-left: 2px solid #e52031;            "> 3.59   <small class="specialdesc" style="                background-color: #e52031;            ">18/02 - 24/02  <strong class="price pricebutton" style="                color:#e52031;            "> € 3.09    10 x 100 g,2,3.09,14499,71EA4498975C19C94D97632A94530547,10 burgers à l'oignon,CF103C7B5C5B38F45C2A323B09588A37,18/02/2015 13:44:43,€,BB4C80264DD949B2E7B8C067B72FBFD8,F1F8D9E8023B645373B6363E6A6EC18C,55,3159,24918_Lidlfr_promo_3159_14499,Lidl.fr_promo,24918_Lidlfr_promo,24918,http://www.Lidl.fr/fr/moins-cher.htm,-13%,18/02 - 24/02,3.59,
24921_Lidlfr_promo_3159_14499,Nos promos/Moins cher,Le sachet de 1 kg,Epinards en branches,24921_Lidlfr_promo,,24921_Lidlfr_promo_3159,55,<small class="pricecut" style="                color:#e52031;                            background-color:#ffffff;                            border:1px solid #e52031;            "> -19% <em class="priceold" style="                border-left: 2px solid #e52031;            "> 0.98   <small class="specialdesc" style="                background-color: #e52031;            ">18/02 - 24/02  <strong class="price pricebutton" style="                color:#e52031;            "> € 0.79    Le sachet de 1 kg,5,0.79,14499,BB1AFBBC3E2CD82812B11AE361EF1E80,Epinards en branches,95883E2F97CD480D022328D141F9B654,18/02/2015 13:44:43,€,636D4C1A6E918C27D910122D644F3533,8EB7BE5A13CC39A3E56B78ABA08B2039,55,3159,24921_Lidlfr_promo_3159_14499,Lidl.fr_promo,24921_Lidlfr_promo,24921,http://www.Lidl.fr/fr/moins-cher.htm,-19%,18/02 - 24/02,0.98,
24923_Lidlfr_promo_3159_14499,Nos promos/Moins cher,6 x 125 g,Yoplait Perle de Lait nature,24923_Lidlfr_promo,1 kg = 2.37 €,24923_Lidlfr_promo_3159,55,<small class="pricecut" style="                color:#e52031;                            background-color:#ffffff;                            border:1px solid #e52031;            "> -20% <em class="priceold" style="                border-left: 2px solid #e52031;            "> 2.23   <small class="specialdesc" style="                background-color: #e52031;            ">18/02 - 24/02  <strong class="price pricebutton" style="                color:#e52031;            "> € 1.78    6 x 125 g  1 kg = 2.37 €,7,1.78,14499,1B5B3ABCC53741D47AD8795682F0BC30,Yoplait Perle de Lait nature,4AFAF8A20A414AB34FAD2556AED6040F,18/02/2015 13:44:43,€,6ED775442ADD02A4B7FFFEF527D702DC,8FB4529686C80D0A7F8442F94024EB9F,55,3159,24923_Lidlfr_promo_3159_14499,Lidl.fr_promo,24923_Lidlfr_promo,24923,http://www.Lidl.fr/fr/moins-cher.htm,-20%,18/02 - 24/02,2.23,
25043_Lidlfr_promo_3159_14499,Nos promos/Fruits & légumes,Le filet de 500 g,Oignons rouges,25043_Lidlfr_promo,1 kg = 2.98 €,25043_Lidlfr_promo_3159,57,<small class="specialdesc" style="                background-color: #f1830c;            ">18/02 - 21/02  <strong class="price pricebutton" style="                color:#cf6d04;            "> € 1.49    Le filet de 500 g  1 kg = 2.98 €,3,1.49,14499,AF0D27B2AABD25532583F4EC8394FFB3,Oignons rouges,B944F3F5861E829603B346BE235F1569,18/02/2015 13:44:50,€,74913ECDA0DC7CB9F2C9C968F473AEE9,E8F4D8F59F34AC30A908AF58D123135A,55,3159,25043_Lidlfr_promo_3159_14499,Lidl.fr_promo,25043_Lidlfr_promo,25043,http://www.Lidl.fr/fr/fruits-legumes.htm,,18/02 - 21/02,,
25047_Lidlfr_promo_3159_14499,Nos promos/Fruits & légumes,Le filet de 25 kg,Pommes de terre rouges,25047_Lidlfr_promo,1 kg = 0.40 €,25047_Lidlfr_promo_3159,57,<small class="specialdesc" style="                background-color: #f1830c;            ">18/02 - 21/02  <strong class="price pricebutton" style="                color:#cf6d04;            "> € 0.99    Le filet de 25 kg  1 kg = 0.40 €,5,0.99,14499,DCC459F5A1FCA514DA0FE164AC745002,Pommes de terre rouges,0552F2F3C32D514B9C5F5C5B37B96CBD,18/02/2015 13:44:50,€,659ADCF17DE45173CABD315BF9BE24B3,4DAAB94B22B63A9E47C1762083A4C9E0,55,3159,25047_Lidlfr_promo_3159_14499,Lidl.fr_promo,25047_Lidlfr_promo,25047,http://www.Lidl.fr/fr/fruits-legumes.htm,,18/02 - 21/02,,
24981_Lidlfr_promo_3159_14499,Nos promos/Bonnes affaires,L'unité au choix,Cadenas,24981_Lidlfr_promo,,24981_Lidlfr_promo_3159,59,<small class="specialdesc" style="                background-color: #1f4fb8;            ">19/02 - 19/02  <strong class="price pricebutton" style="                color:#1f4fb8;            "> € 4.99    L'unité au choix,1,4.99,14499,9AA6F34CDC4C32F13BF251DAB6F54F3C,Cadenas,A43FC51A44259E080F5372450642876D,18/02/2015 13:45:03,€,8D38EED12724600783719CD58D2094BC,9ADBAADF095C8DE0D2D0B53FE92A5DBB,55,3159,24981_Lidlfr_promo_3159_14499,Lidl.fr_promo,24981_Lidlfr_promo,24981,http://www.Lidl.fr/fr/bonnes-affaires.htm,,19/02 - 19/02,,
24990_Lidlfr_promo_3159_14499,Nos promos/Bonnes affaires,L'unité au choix,Jeu de construction,24990_Lidlfr_promo,,24990_Lidlfr_promo_3159,59,<small class="specialdesc" style="                background-color: #1f4fb8;            ">19/02 - 19/02  <strong class="price pricebutton" style="                color:#1f4fb8;            "> € 7.99    L'unité au choix,2,7.99,14499,236F73BB129F25B0CB70223223B12BA5,Jeu de construction,EF5C22EE5402940E7B505C05F1FA6A48,18/02/2015 13:45:03,€,79848ABB679AFCD3B6ED4F5A39FE7995,D2B6D861D66FA14BB7CF8C6112D13E0D,55,3159,24990_Lidlfr_promo_3159_14499,Lidl.fr_promo,24990_Lidlfr_promo,24990,http://www.Lidl.fr/fr/bonnes-affaires.htm,,19/02 - 19/02,,
25036_Lidlfr_promo_3159_14499,Nos promos/Super samedi,75 cl,Zinfandel Vin de Californie rosé,25036_Lidlfr_promo,1 L = 1.72 €,25036_Lidlfr_promo_3159,56,<small class="pricecut" style="                color:#e52031;                            background-color:#ffffff;                            border:1px solid #e52031;            "> -50% <em class="priceold" style="                border-left: 2px solid #e52031;            "> 2.59   <small class="specialdesc" style="                background-color: #e52031;            ">21/02 - 21/02  <strong class="price pricebutton" style="                color:#e52031;            "> € 1.29    75 cl  1 L = 1.72 €,1,1.29,14499,9CAA62442A7CC7965124772DA6F2296B,Zinfandel Vin de Californie rosé,9330D5EC6E0B52963647F0506973F3A5,18/02/2015 13:44:47,€,F9338245FB214547A2114220CB90C40E,DA383B7F4FB8B92BB70373274BFA6879,55,3159,25036_Lidlfr_promo_3159_14499,Lidl.fr_promo,25036_Lidlfr_promo,25036,http://www.Lidl.fr/fr/super-samedi.htm,-50%,21/02 - 21/02,2.59,
24992_Lidlfr_promo_3159_14499,Nos promos/Bonnes affaires,L'unité au choix,Voiture télécommandée,24992_Lidlfr_promo,,24992_Lidlfr_promo_3159,59,<small class="specialdesc" style="                background-color: #1f4fb8;            ">19/02 - 19/02  <strong class="price pricebutton" style="                color:#1f4fb8;            "> € 17.99 *   L'unité au choix,4,17.99,14499,88E3BDC448188C614B760E75C86BCFE3,Voiture télécommandée,789F02B3BC3B1463F5C4D02D652230A0,18/02/2015 13:45:04,€,EEE8E1D5C4B14CA428FCF4F8F42E0FBD,E809EFCDEDFD3421D6AF8AA39F754F7B,55,3159,24992_Lidlfr_promo_3159_14499,Lidl.fr_promo,24992_Lidlfr_promo,24992,http://www.Lidl.fr/fr/bonnes-affaires.htm,,19/02 - 19/02,,
25041_Lidlfr_promo_3159_14499,Nos promos/Fruits & légumes,Le filet de 1 kg,Tomates,25041_Lidlfr_promo,,25041_Lidlfr_promo_3159,57,<small class="specialdesc" style="                background-color: #f1830c;            ">18/02 - 21/02  <strong class="price pricebutton" style="                color:#cf6d04;            "> € 0.99    Le filet de 1 kg,1,0.99,14499,B3C5ED276F9D7F1493AB2E77658B92B8,Tomates,B1A715BD536E5368940722E19E46963C,18/02/2015 13:44:49,€,DE7870F1D30E27CCA1FEBA4F46C7FBAC,F0B77BE6BB9550347D8763F2518CB312,55,3159,25041_Lidlfr_promo_3159_14499,Lidl.fr_promo,25041_Lidlfr_promo,25041,http://www.Lidl.fr/fr/fruits-legumes.htm,,18/02 - 21/02,,
24974_Lidlfr_promo_3159_14499,Nos promos/Plantes & fleurs,La barquette de 10 plans,Primevère acaulis,24974_Lidlfr_promo,Le 18/02,24974_Lidlfr_promo_3159,58,<strong class="price pricebutton" style="                color:#f05660;            "> € 2.49  La barquette de 10 plans  Le 18/02,2,2.49,14499,803217FCA54B74A204BD3902B3C021BF,Primevère acaulis,98220535F3FF3EBF9EC162BAC5D3233D,18/02/2015 13:44:53,€,B89AF256528A81120637325DE45D0839,F138E593207A9B63CE9A539AA94337BC,55,3159,24974_Lidlfr_promo_3159_14499,Lidl.fr_promo,24974_Lidlfr_promo,24974,http://www.Lidl.fr/fr/plantes-fleurs.htm,,,,
24874_Lidlfr_promo_3246_14499,Nos offres/Mercredi 18/02|USA/Mercredi 18/02,420/438/450 g au choix,Crème glacée,24874_Lidlfr_promo,1 kg = 6.40 €,24874_Lidlfr_promo_3246,63,<strong class="price pricebutton" style="                color:#d83b30;            "> € 2.69  420/438/450 g au choix  1 kg = 6.40 €,11,2.69,14499,25F31E71CA324FAAB35CDF368E58A90F,Crème glacée,D39D8A253186577000B37D44D5736C30,18/02/2015 13:45:30,€,B7FA014112BB4AED9EA1D60AE99C3564,AA08CAA980FEA246EBCFF950B4EAE2E7,58,3246,24874_Lidlfr_promo_3246_14499,Lidl.fr_promo,24874_Lidlfr_promo,24874,http://www.Lidl.fr/fr/offres-513.htm?id=591,,,,
24876_Lidlfr_promo_3246_14499,Nos offres/Mercredi 18/02|USA/Mercredi 18/02,200 g,Préparation pour pancakes,24876_Lidlfr_promo,1 kg = 6.45 €,24876_Lidlfr_promo_3246,63,<strong class="price pricebutton" style="                color:#d83b30;            "> € 1.29  200 g  1 kg = 6.45 €,12,1.29,14499,15760803F05A86F2F782709737225DAD,Préparation pour pancakes,58EC52ED217C703B5B6A1F23DF85932E,18/02/2015 13:45:30,€,ACF2D1FFEF196B5ABCF7C7F01D0C4915,E04F87E54CA47E7AAC0FDE5F55A2B928,58,3246,24876_Lidlfr_promo_3246_14499,Lidl.fr_promo,24876_Lidlfr_promo,24876,http://www.Lidl.fr/fr/offres-513.htm?id=591,,,,
24878_Lidlfr_promo_3246_14499,Nos offres/Mercredi 18/02|USA/Mercredi 18/02,300 g,6 pancakes,24878_Lidlfr_promo,1 kg = 5.30 €,24878_Lidlfr_promo_3246,63,<strong class="price pricebutton" style="                color:#d83b30;            "> € 1.59  300 g  1 kg = 5.30 €,14,1.59,14499,39A227E823C6C016913580FDF977E3C8,6 pancakes,4A097F5DD6F847399B6F139C2EAC0611,18/02/2015 13:45:31,€,647BE749DD0A07D743E6E4868C4662ED,519FAB1C21E011CB83230C17046B5CF2,58,3246,24878_Lidlfr_promo_3246_14499,Lidl.fr_promo,24878_Lidlfr_promo,24878,http://www.Lidl.fr/fr/offres-513.htm?id=591,,,,
24869_Lidlfr_promo_3246_14499,Nos offres/Mercredi 18/02|USA/Mercredi 18/02,480/490/500 ml au choix,Sauce,24869_Lidlfr_promo,1 L = 3.10 €,24869_Lidlfr_promo_3246,63,<strong class="price pricebutton" style="                color:#d83b30;            "> € 1.49  480/490/500 ml au choix  1 L = 3.10 €,4,1.49,14499,287B805F7C2564A1070061BB00695E79,Sauce,2ED8BFCD1DF3282A4F823E1400B26B9B,18/02/2015 13:45:28,€,A98E05858E6E15F6A65C2653DD039804,CEC819FA603E0B3F17E6AEAF4A6E6890,58,3246,24869_Lidlfr_promo_3246_14499,Lidl.fr_promo,24869_Lidlfr_promo,24869,http://www.Lidl.fr/fr/offres-513.htm?id=591,,,,
24870_Lidlfr_promo_3246_14499,Nos offres/Mercredi 18/02|USA/Mercredi 18/02,400 g (PNE),Cornichons tranchés,24870_Lidlfr_promo,1 kg = 3.73 €,24870_Lidlfr_promo_3246,63,<strong class="price pricebutton" style="                color:#d83b30;            "> € 1.49  400 g (PNE)  1 kg = 3.73 €,5,1.49,14499,FCF74CCD0088FF5C7A1AD530C219490E,Cornichons tranchés,9AF126EC35FC4FE1937958572BF152EA,18/02/2015 13:45:29,€,AE36927E67799445656B765FC2F4CCB3,8AC8AB5790BE587836C18B1E2184BAC0,58,3246,24870_Lidlfr_promo_3246_14499,Lidl.fr_promo,24870_Lidlfr_promo,24870,http://www.Lidl.fr/fr/offres-513.htm?id=591,,,,
24791_Lidlfr_promo_3246_14499,Nos offres/Lundi 16/02|Mode enfant/Lundi 16/02,L'unité au choix,Veste imperméable fille,24791_Lidlfr_promo,,24791_Lidlfr_promo_3246,61,<strong class="price pricebutton" style="                color:#ee73aa;            "> € 9.99  L'unité au choix,3,9.99,14499,A3174B0429A75D7D038971C8AB266A12,Veste imperméable fille,5564CDA33C490C3E76EFA48DD0F6AC74,18/02/2015 13:45:15,€,91D39B2AD94F96DEA48CF4B4ACEDCA57,2933FEB99140863146F78CA650897C2F,58,3246,24791_Lidlfr_promo_3246_14499,Lidl.fr_promo,24791_Lidlfr_promo,24791,http://www.Lidl.fr/fr/offres-513.htm?id=588,,,,
24793_Lidlfr_promo_3246_14499,Nos offres/Lundi 16/02|Mode enfant/Lundi 16/02,Le lot au choix,2 tee-shirts manches longues fille ou garçon,24793_Lidlfr_promo,,24793_Lidlfr_promo_3246,61,<strong class="price pricebutton" style="                color:#ee73aa;            "> € 3.49  Le lot au choix,5,3.49,14499,FB812EBB66A20A4E8EF413A165C3593A,2 tee-shirts manches longues fille ou garçon,0160984AB6B4C8CC2BA07DBEBE6DAA87,18/02/2015 13:45:16,€,947D444829A0C9C22597F7C9439E4FBC,FDB2B215ACA454782C69BC1EE9A85D81,58,3246,24793_Lidlfr_promo_3246_14499,Lidl.fr_promo,24793_Lidlfr_promo,24793,http://www.Lidl.fr/fr/offres-513.htm?id=588,,,,
24766_Lidlfr_promo_3246_14499,Nos offres/Lundi 16/02|Auto/Moto/Lundi 16/02,La paire au choix,Chaussettes de moto,24766_Lidlfr_promo,,24766_Lidlfr_promo_3246,62,<strong class="price pricebutton" style="                color:#f17230;            "> € 2.99  La paire au choix,11,2.99,14499,A2818279F29CBA4AF8201613E3A799C2,Chaussettes de moto,3E7DF88A802079858FB6D5F042556939,18/02/2015 13:45:22,€,94B96775B042D178642F4BB3E5148D6F,4527D8D0B1692F0BFD2480464BB20457,58,3246,24766_Lidlfr_promo_3246_14499,Lidl.fr_promo,24766_Lidlfr_promo,24766,http://www.Lidl.fr/fr/offres-513.htm?id=589,,,,
24768_Lidlfr_promo_3246_14499,Nos offres/Lundi 16/02|Auto/Moto/Lundi 16/02,L'unité,Galerie porte-bagages en aluminium,24768_Lidlfr_promo,,24768_Lidlfr_promo_3246,62,<strong class="price pricebutton" style="                color:#f17230;            "> € 34.99  L'unité,13,34.99,14499,11FA63F75DCEF42480C4D81334E39F12,Galerie porte-bagages en aluminium,8285DC6C55A4259892B53D3159395024,18/02/2015 13:45:23,€,59BB1570A8E7ADB0F63B13952F100CE1,B073CE3B662C38AB02C8FD02CE384A44,58,3246,24768_Lidlfr_promo_3246_14499,Lidl.fr_promo,24768_Lidlfr_promo,24768,http://www.Lidl.fr/fr/offres-513.htm?id=589,,,,
24757_Lidlfr_promo_3246_14499,Nos offres/Lundi 16/02|Auto/Moto/Lundi 16/02,L'unité au choix,Maillot technique de moto homme,24757_Lidlfr_promo,,24757_Lidlfr_promo_3246,62,<strong class="price pricebutton" style="                color:#f17230;            "> € 14.99  L'unité au choix,3,14.99,14499,1B145E2EBDCB136FC00500E3C1174F8C,Maillot technique de moto homme,F14BD871C9C88332DFD170E2FEA0E49C,18/02/2015 13:45:20,€,4B4793BFDBE82D1AEB414DF5E14E6DB9,8A4698917FE654CFB25A8BE97C24B4B3,58,3246,24757_Lidlfr_promo_3246_14499,Lidl.fr_promo,24757_Lidlfr_promo,24757,http://www.Lidl.fr/fr/offres-513.htm?id=589,,,,
24760_Lidlfr_promo_3246_14499,Nos offres/Lundi 16/02|Auto/Moto/Lundi 16/02,La paire,Gants de moto,24760_Lidlfr_promo,,24760_Lidlfr_promo_3246,62,<strong class="price pricebutton" style="                color:#f17230;            "> € 19.99  La paire,5,19.99,14499,72D518DF3D9FF3C968C86B14D54558D0,Gants de moto,8829BC8AA52B31B8B24BD87550D6A885,18/02/2015 13:45:21,€,B03C1A1D0DA66CC12DC7BFB328C66EF8,6B41F17ABD11BBC46176560B301A4E24,58,3246,24760_Lidlfr_promo_3246_14499,Lidl.fr_promo,24760_Lidlfr_promo,24760,http://www.Lidl.fr/fr/offres-513.htm?id=589,,,,
24762_Lidlfr_promo_3246_14499,Nos offres/Lundi 16/02|Auto/Moto/Lundi 16/02,L'unité,Cagoule moto,24762_Lidlfr_promo,,24762_Lidlfr_promo_3246,62,<strong class="price pricebutton" style="                color:#f17230;            "> € 4.99  L'unité,7,4.99,14499,551105CE5828048CAC5EA8A486AAE3C8,Cagoule moto,6162D4411F3D8CB54C2EC316188A1637,18/02/2015 13:45:21,€,897247FAEE56280B5C10B66EDA8316D7,DCE4D150D598F12D9B87A16283857712,58,3246,24762_Lidlfr_promo_3246_14499,Lidl.fr_promo,24762_Lidlfr_promo,24762,http://www.Lidl.fr/fr/offres-513.htm?id=589,,,,
24764_Lidlfr_promo_3246_14499,Nos offres/Lundi 16/02|Auto/Moto/Lundi 16/02,L'unité,Ceinture lombaire,24764_Lidlfr_promo,,24764_Lidlfr_promo_3246,62,<strong class="price pricebutton" style="                color:#f17230;            "> € 4.99  L'unité,9,4.99,14499,DFEEA130B2B3DCA1D4D52EF9F2D4D9E3,Ceinture lombaire,A203BAF52DCD0BC0C5904574CC03587B,18/02/2015 13:45:22,€,E036F506BACCDFBBB22B46BCF6CD68E9,44B8B1B5C2C259DF31D9D9B0F53BE68B,58,3246,24764_Lidlfr_promo_3246_14499,Lidl.fr_promo,24764_Lidlfr_promo,24764,http://www.Lidl.fr/fr/offres-513.htm?id=589,,,,
24872_Lidlfr_promo_3246_14499,Nos offres/Mercredi 18/02|USA/Mercredi 18/02,500 g au choix,Spare ribs (travers de porc),24872_Lidlfr_promo,1 kg = 6.98 €,24872_Lidlfr_promo_3246,63,<strong class="price pricebutton" style="                color:#d83b30;            "> € 3.49  500 g au choix  1 kg = 6.98 €,7,3.49,14499,A11AFA0709EF52CB0023DF67674C7578,Spare ribs (travers de porc),260732F851B166C6D97498404DD6DB57,18/02/2015 13:45:29,€,AF6F07F72A2FF074097DC43DB8056539,B6E61F3A46000AF53590F293DCF35C20,58,3246,24872_Lidlfr_promo_3246_14499,Lidl.fr_promo,24872_Lidlfr_promo,24872,http://www.Lidl.fr/fr/offres-513.htm?id=591,,,,
24867_Lidlfr_promo_3246_14499,Nos offres/Mercredi 18/02|USA/Mercredi 18/02,200 g,Chips goût barbecue,24867_Lidlfr_promo,1 kg = 4.95 €,24867_Lidlfr_promo_3246,63,<strong class="price pricebutton" style="                color:#d83b30;            "> € 0.99  200 g  1 kg = 4.95 €,2,0.99,14499,324158FC1BEF0BE782A8BD32B13CEDB7,Chips goût barbecue,B44E6CEDEB07CE204F78E6BD68ACB06F,18/02/2015 13:45:28,€,B85162AC4A7749CF06443C076F82A52E,CBEC56EA8D7B1D9787F7C1297488C798,58,3246,24867_Lidlfr_promo_3246_14499,Lidl.fr_promo,24867_Lidlfr_promo,24867,http://www.Lidl.fr/fr/offres-513.htm?id=591,,,,
24755_Lidlfr_promo_3246_14499,Nos offres/Lundi 16/02|Auto/Moto/Lundi 16/02,L'unité au choix,Etui pour GPS ou manchons scooter,24755_Lidlfr_promo,,24755_Lidlfr_promo_3246,62,<strong class="price pricebutton" style="                color:#f17230;            "> € 9.99  L'unité au choix,1,9.99,14499,757DEF678AE091C9EC98E9F75972B931,Etui pour GPS ou manchons scooter,48CF71D02D2CEFFD815741EA2DE51FE2,18/02/2015 13:45:20,€,0363EA536AB93DBF2AC1748D23E49001,96BC82D11851FAD841C56BAC26D777A6,58,3246,24755_Lidlfr_promo_3246_14499,Lidl.fr_promo,24755_Lidlfr_promo,24755,http://www.Lidl.fr/fr/offres-513.htm?id=589,,,,
25011_Lidlfr_promo_3246_14499,Nos offres/Lundi 23/02|Extérieur/Lundi 23/02,L'aérosol de 400 ml,Peinture de protection pour métaux,25011_Lidlfr_promo,1 L = 7.47 €,25011_Lidlfr_promo_3246,66,<strong class="price pricebutton" style="                color:#4b650d;            "> € 2.99  L'aérosol de 400 ml  1 L = 7.47 €,1,2.99,14499,88D6E70BCF3AD2B32B0599B306168897,Peinture de protection pour métaux,7B2BC257B8C8B2CE7483B3FD63289185,18/02/2015 13:45:48,€,6A3CBDACD4906E3394985F4622A58616,68E3BF852693AD8A72F32FDFE50DC6D4,58,3246,25011_Lidlfr_promo_3246_14499,Lidl.fr_promo,25011_Lidlfr_promo,25011,http://www.Lidl.fr/fr/offres-513.htm?id=594,,,,
25013_Lidlfr_promo_3246_14499,Nos offres/Lundi 23/02|Extérieur/Lundi 23/02,Le pot de 5 L,Lasure déco longue durée,25013_Lidlfr_promo,1 L = 2.59 €,25013_Lidlfr_promo_3246,66,<strong class="price pricebutton" style="                color:#4b650d;            "> € 12.99  Le pot de 5 L  1 L = 2.59 €,3,12.99,14499,29A5B314A169C686578D6DB70D085FF2,Lasure déco longue durée,3BB82010CCCE522F602771865D643999,18/02/2015 13:45:48,€,0BFD0587F8A8216B0374DA3294D5FA01,7DAC0F8F86AFC0DB7F7854D370346127,58,3246,25013_Lidlfr_promo_3246_14499,Lidl.fr_promo,25013_Lidlfr_promo,25013,http://www.Lidl.fr/fr/offres-513.htm?id=594,,,,
24832_Lidlfr_promo_3246_14499,Nos offres/Jeudi 19/02|Douce nuit/Jeudi 19/02,La parure au choix,Parure de lit en coton renforcé,24832_Lidlfr_promo,,24832_Lidlfr_promo_3246,64,<strong class="price pricebutton" style="                color:#a65c9b;            "> à partir de  € 11.99  La parure au choix,1,11.99,14499,732CD9DCF1D6AC835A83301146A14E2A,Parure de lit en coton renforcé,2B82632C81B5B49D16A30BA8C24EBBE3,18/02/2015 13:45:36,€,2627F4AB31D4D8580AAA0AD888C2C16B,659F7811510C2A2B265A09A56095C702,58,3246,24832_Lidlfr_promo_3246_14499,Lidl.fr_promo,24832_Lidlfr_promo,24832,http://www.Lidl.fr/fr/offres-513.htm?id=590,,,,
24836_Lidlfr_promo_3246_14499,Nos offres/Jeudi 19/02|Douce nuit/Jeudi 19/02,L'unité,Coussin en microfibre,24836_Lidlfr_promo,,24836_Lidlfr_promo_3246,64,<strong class="price pricebutton" style="                color:#a65c9b;            "> € 8.99  L'unité,2,8.99,14499,201F70778F5BC24C0BE89A76D83D7E77,Coussin en microfibre,27AB057EDD742DC8668FF8D0DCE032E2,18/02/2015 13:45:36,€,315A7647E5E10CF1E03DFB17685E95CE,BD44F20EE6AC130433C642094CECD336,58,3246,24836_Lidlfr_promo_3246_14499,Lidl.fr_promo,24836_Lidlfr_promo,24836,http://www.Lidl.fr/fr/offres-513.htm?id=590,,,,
24845_Lidlfr_promo_3246_14499,Nos offres/Jeudi 19/02|Douce nuit/Jeudi 19/02,L'unité au choix,Drap-housse en jersey,24845_Lidlfr_promo,,24845_Lidlfr_promo_3246,64,<strong class="price pricebutton" style="                color:#a65c9b;            "> à partir de  € 5.99  L'unité au choix,5,5.99,14499,757D15BF82CD331E8B8EC09F47FEE82E,Drap-housse en jersey,AC12290D10694710160A5AD6C9C33E8C,18/02/2015 13:45:37,€,8703F2BEB9D8F7F6310CE0DD42712E0B,FB8AF9B1003EAAF5C36F2F065DA4FCA0,58,3246,24845_Lidlfr_promo_3246_14499,Lidl.fr_promo,24845_Lidlfr_promo,24845,http://www.Lidl.fr/fr/offres-513.htm?id=590,,,,
24847_Lidlfr_promo_3246_14499,Nos offres/Jeudi 19/02|Douce nuit/Jeudi 19/02,L'ensemble au choix,Pyjama homme,24847_Lidlfr_promo,,24847_Lidlfr_promo_3246,64,<strong class="price pricebutton" style="                color:#a65c9b;            "> € 9.99  L'ensemble au choix,7,9.99,14499,1D339B0311A10653DCFE4B3DBB6A4F24,Pyjama homme,514E9E9DDBBFC461A5084B8CA9662BCD,18/02/2015 13:45:37,€,504437DFFE23A6100F324602D7B467EF,0743832AD29F3A3EE0F01243AABBC3B8,58,3246,24847_Lidlfr_promo_3246_14499,Lidl.fr_promo,24847_Lidlfr_promo,24847,http://www.Lidl.fr/fr/offres-513.htm?id=590,,,,
24861_Lidlfr_promo_3246_14499,Nos offres/Jeudi 19/02|Douce nuit/Jeudi 19/02,L'unité au choix,Lampe halogène à pince,24861_Lidlfr_promo,,24861_Lidlfr_promo_3246,64,<strong class="price pricebutton" style="                color:#a65c9b;            "> € 5.99  L'unité au choix,9,5.99,14499,56CEC8B7309F8D033E5153557413A3C8,Lampe halogène à pince,3AF066104DA959DD679F46EF864A8821,18/02/2015 13:45:38,€,1DF8E423C04EBDE1BCC8522C57F36372,4EE81D87959972EC4F7D90FAE46639F5,58,3246,24861_Lidlfr_promo_3246_14499,Lidl.fr_promo,24861_Lidlfr_promo,24861,http://www.Lidl.fr/fr/offres-513.htm?id=590,,,,
24863_Lidlfr_promo_3246_14499,Nos offres/Jeudi 19/02|Douce nuit/Jeudi 19/02,La paire au choix,Lunettes pliables avec étui,24863_Lidlfr_promo,,24863_Lidlfr_promo_3246,64,<strong class="price pricebutton" style="                color:#a65c9b;            "> € 3.49  La paire au choix,10,3.49,14499,FC73D134E638DFB2A01F4E2D4B1FCD4D,Lunettes pliables avec étui,F49BA2D49EEB1D9799FE8DB83FECCBA7,18/02/2015 13:45:38,€,7DEC94DDF8F1F53ECDC77AA1BB529052,66A733FEBE222A5F3AE377F413C19305,58,3246,24863_Lidlfr_promo_3246_14499,Lidl.fr_promo,24863_Lidlfr_promo,24863,http://www.Lidl.fr/fr/offres-513.htm?id=590,,,,
25015_Lidlfr_promo_3246_14499,Nos offres/Lundi 23/02|Extérieur/Lundi 23/02,Le set au choix,Set de pinceaux,25015_Lidlfr_promo,,25015_Lidlfr_promo_3246,66,<strong class="price pricebutton" style="                color:#4b650d;            "> € 7.99  Le set au choix,5,7.99,14499,90E795C57E39768FC257ED2097F19CC0,Set de pinceaux,7513A3D61372ECCCF6DFA9B866F9283D,18/02/2015 13:45:49,€,AB96C6DF7CFCE8BA21B00F90E9EECD58,05204FDF0A9A07A4EAC25EC99AF7AE24,58,3246,25015_Lidlfr_promo_3246_14499,Lidl.fr_promo,25015_Lidlfr_promo,25015,http://www.Lidl.fr/fr/offres-513.htm?id=594,,,,
25017_Lidlfr_promo_3246_14499,Nos offres/Lundi 23/02|Extérieur/Lundi 23/02,L'unité,Pulvérisateur à pression,25017_Lidlfr_promo,,25017_Lidlfr_promo_3246,66,<strong class="price pricebutton" style="                color:#4b650d;            "> € 3.99  L'unité,7,3.99,14499,F67C5529EAAE30C012301FAD5CBAA27C,Pulvérisateur à pression,611CDA829E631D85E590B52A0FD3EF44,18/02/2015 13:45:49,€,FA10A83C47D09251C673752C84680BF7,DB4AF40394D17C2399D9B2BECF0A961D,58,3246,25017_Lidlfr_promo_3246_14499,Lidl.fr_promo,25017_Lidlfr_promo,25017,http://www.Lidl.fr/fr/offres-513.htm?id=594,,,,
24944_Lidlfr_promo_3246_14499,Nos offres/Jeudi 19/02|Maison/Jeudi 19/02,L'unité au choix,Mini commode,24944_Lidlfr_promo,,24944_Lidlfr_promo_3246,65,<strong class="price pricebutton" style="                color:#f3846a;            "> € 14.99*  L'unité au choix,1,14.99,14499,521BD149204CCDCD154698B806C7DE8C,Mini commode,23B4E5D121E8AA6719D202C11E284319,18/02/2015 13:45:42,€,631BCD2F07D68BDAE36B83C60458F50F,4EA59864816087BB60D6E5680C047A5E,58,3246,24944_Lidlfr_promo_3246_14499,Lidl.fr_promo,24944_Lidlfr_promo,24944,http://www.Lidl.fr/fr/offres-513.htm?id=592,,,,
24946_Lidlfr_promo_3246_14499,Nos offres/Jeudi 19/02|Maison/Jeudi 19/02,Le lot au choix,4 boutons de meuble,24946_Lidlfr_promo,,24946_Lidlfr_promo_3246,65,<strong class="price pricebutton" style="                color:#f3846a;            "> € 3.99*  Le lot au choix,3,3.99,14499,5BF96FE7A5AEF8C93763054BD75CEEA3,4 boutons de meuble,8DD6DB7D016B02A43E7406200AC4A673,18/02/2015 13:45:42,€,31B52DAAE69CF666DEF9518D4A1AB133,52AC89F6FD092A77578033A1B21594FF,58,3246,24946_Lidlfr_promo_3246_14499,Lidl.fr_promo,24946_Lidlfr_promo,24946,http://www.Lidl.fr/fr/offres-513.htm?id=592,,,,
24951_Lidlfr_promo_3246_14499,Nos offres/Jeudi 19/02|Maison/Jeudi 19/02,L'unité au choix,Coussin,24951_Lidlfr_promo,,24951_Lidlfr_promo_3246,65,<strong class="price pricebutton" style="                color:#f3846a;            "> € 4.99  L'unité au choix,9,4.99,14499,D7B65F415935B4C6E8FC46C1D513C9AF,Coussin,4A5E3089BF358A7F9091B82CA56A99E2,18/02/2015 13:45:44,€,79102689BBC07B664957259CD3C00C6B,493733B1EA397D196293BBF12B839A4F,58,3246,24951_Lidlfr_promo_3246_14499,Lidl.fr_promo,24951_Lidlfr_promo,24951,http://www.Lidl.fr/fr/offres-513.htm?id=592,,,,
24953_Lidlfr_promo_3246_14499,Nos offres/Jeudi 19/02|Maison/Jeudi 19/02,Le lot au choix,2 sets de table,24953_Lidlfr_promo,,24953_Lidlfr_promo_3246,65,<strong class="price pricebutton" style="                color:#f3846a;            "> € 2.99  Le lot au choix,11,2.99,14499,C187C295D50FEE21F9F053E69D7C9FEB,2 sets de table,3CEB38629958DF43DC963339C0BBE25A,18/02/2015 13:45:44,€,FD53B3FA9A3BA94AD5060A5EDAF8E10D,ABC8818C03E3574658E1A5DD95D2FF8D,58,3246,24953_Lidlfr_promo_3246_14499,Lidl.fr_promo,24953_Lidlfr_promo,24953,http://www.Lidl.fr/fr/offres-513.htm?id=592,,,,
24881_Lidlfr_promo_3246_14499,Nos offres/Mercredi 18/02|USA/Mercredi 18/02,454 g au choix,Beurre de cacahuète,24881_Lidlfr_promo,1 kg = 5.70 €,24881_Lidlfr_promo_3246,63,<strong class="price pricebutton" style="                color:#d83b30;            "> € 2.59  454 g au choix  1 kg = 5.70 €,17,2.59,14499,1C699B1B2FB3F45D26D8AA3D1B68C578,Beurre de cacahuète,99A920D58359D57FCF378F86F1868837,18/02/2015 13:45:32,€,7799FED9E9427030B43AA2D20F7CF2BA,D0A194DC29EE00D2F22EF573F2D7097F,58,3246,24881_Lidlfr_promo_3246_14499,Lidl.fr_promo,24881_Lidlfr_promo,24881,http://www.Lidl.fr/fr/offres-513.htm?id=591,,,,
24948_Lidlfr_promo_3246_14499,Nos offres/Jeudi 19/02|Maison/Jeudi 19/02,Le lot ou l'unité au choix,Accessoire(s) de décoration,24948_Lidlfr_promo,,24948_Lidlfr_promo_3246,65,<strong class="price pricebutton" style="                color:#f3846a;            "> € 2.99  Le lot ou l'unité au choix,6,2.99,14499,EFCC13E7D52FA89A702DD787F5A7D3BB,Accessoire(s) de décoration,DA23F78841997E4AE74748526CE56D96,18/02/2015 13:45:43,€,44FEE097F9C9946E6C011929BC5F418B,4579B0511A0E6319628FFC17CC6B3998,58,3246,24948_Lidlfr_promo_3246_14499,Lidl.fr_promo,24948_Lidlfr_promo,24948,http://www.Lidl.fr/fr/offres-513.htm?id=592,,,,
25095_Lidlfr_promo_3246_14499,Nos offres/Mercredi 25/02|Savoie/Mercredi 25/02,3 x 180 g,Assortiment de 3 terrines savoyardes,25095_Lidlfr_promo,1 kg = 4.61 €,25095_Lidlfr_promo_3246,67,<strong class="price pricebutton" style="                color:#007d9b;            "> € 2.49  3 x 180 g  1 kg = 4.61 €,1,2.49,14499,959A6977DB6BA4B53BF16AC5F23901E0,Assortiment de 3 terrines savoyardes,D1A04A56117A671087BDD1C492E9C59A,18/02/2015 13:45:54,€,A9803FF406BAC8E2B00C619B3CE72DB9,875FFA7F896A4DA039E296E2D1F54937,58,3246,25095_Lidlfr_promo_3246_14499,Lidl.fr_promo,25095_Lidlfr_promo,25095,http://www.Lidl.fr/fr/offres-513.htm?id=596,,,,
25097_Lidlfr_promo_3246_14499,Nos offres/Mercredi 25/02|Savoie/Mercredi 25/02,600 g,Crozets au beaufort AOP et mini diots,25097_Lidlfr_promo,1 kg = 8.82 €,25097_Lidlfr_promo_3246,67,<strong class="price pricebutton" style="                color:#007d9b;            "> € 5.29  600 g  1 kg = 8.82 €,3,5.29,14499,78F449D8B9B640AF4D540CA3393F7E3C,Crozets au beaufort AOP et mini diots,469A2C053D4727A7BD0B5B70F4BB2D45,18/02/2015 13:45:54,€,10FA0C7658EE8E6B258702BF56C25210,233E90F3F8794E85BC244BE259A99724,58,3246,25097_Lidlfr_promo_3246_14499,Lidl.fr_promo,25097_Lidlfr_promo,25097,http://www.Lidl.fr/fr/offres-513.htm?id=596,,,,
25112_Lidlfr_promo_3246_14499,Nos offres/Mercredi 25/02|Savoie/Mercredi 25/02,600 g,Gratin savoyard au beaufort AOP et mini diots,25112_Lidlfr_promo,1 kg = 8.32 €,25112_Lidlfr_promo_3246,67,<strong class="price pricebutton" style="                color:#007d9b;            "> € 4.99  600 g  1 kg = 8.32 €,4,4.99,14499,50AE4B3AE29D36F38E2566DE5BC15CA3,Gratin savoyard au beaufort AOP et mini diots,B49999A330CAB84892D03E14226197D6,18/02/2015 13:45:55,€,C53FEEB218C6B464074D152D3D7B6AAA,F02E21C27440AEF2E5C495CE615279E3,58,3246,25112_Lidlfr_promo_3246_14499,Lidl.fr_promo,25112_Lidlfr_promo,25112,http://www.Lidl.fr/fr/offres-513.htm?id=596,,,,
25099_Lidlfr_promo_3246_14499,Nos offres/Mercredi 25/02|Savoie/Mercredi 25/02,300 g,Tartiflette au reblochon de Savoie AOP Label Rouge,25099_Lidlfr_promo,1 kg = 9.97 €,25099_Lidlfr_promo_3246,67,<strong class="price pricebutton" style="                color:#007d9b;            "> € 2.99  300 g  1 kg = 9.97 €,6,2.99,14499,4DFD030781C51DAC5AEF911752EA0AA9,Tartiflette au reblochon de Savoie AOP Label Rouge,717754A7FED2AFBE9312F098CD0E1345,18/02/2015 13:45:55,€,3EEC48A1ABC133D534D2F28B7DA69218,BC4647BDDD46EE572310781A51030572,58,3246,25099_Lidlfr_promo_3246_14499,Lidl.fr_promo,25099_Lidlfr_promo,25099,http://www.Lidl.fr/fr/offres-513.htm?id=596,,,,
25101_Lidlfr_promo_3246_14499,Nos offres/Mercredi 25/02|Savoie/Mercredi 25/02,350 g,Tarte flambée recette raclette,25101_Lidlfr_promo,1 kg = 7.11 €,25101_Lidlfr_promo_3246,67,<strong class="price pricebutton" style="                color:#007d9b;            "> € 2.49  350 g  1 kg = 7.11 €,8,2.49,14499,0D390C4900814707391215D4A5E60BF6,Tarte flambée recette raclette,E3B6A09AE251687B30A26EBBEE7C0EB9,18/02/2015 13:45:56,€,66082A9C778579D466639BE385F7E3A1,940222ADE2401C27CF112992065C8877,58,3246,25101_Lidlfr_promo_3246_14499,Lidl.fr_promo,25101_Lidlfr_promo,25101,http://www.Lidl.fr/fr/offres-513.htm?id=596,,,,
25107_Lidlfr_promo_3246_14499,Nos offres/Mercredi 25/02|Savoie/Mercredi 25/02,2 x 125 g,Yaourt de Savoie à la praline rose,25107_Lidlfr_promo,1 kg = 5.56 €,25107_Lidlfr_promo_3246,67,<strong class="price pricebutton" style="                color:#007d9b;            "> € 1.39  2 x 125 g  1 kg = 5.56 €,14,1.39,14499,9B09C5650BA851831C3B000DACD78E72,Yaourt de Savoie à la praline rose,03C95BA671D9A2EFE8513EA27DB3EF05,18/02/2015 13:45:57,€,7BBABDD4012859E160B412746A3CACAC,B76226C0B9542B5FA7C4FF56FF755802,58,3246,25107_Lidlfr_promo_3246_14499,Lidl.fr_promo,25107_Lidlfr_promo,25107,http://www.Lidl.fr/fr/offres-513.htm?id=596,,,,
25109_Lidlfr_promo_3246_14499,Nos offres/Mercredi 25/02|Savoie/Mercredi 25/02,70 cl,Absinthe,25109_Lidlfr_promo,1 L = 24.27 €,25109_Lidlfr_promo_3246,67,<strong class="price pricebutton" style="                color:#007d9b;            "> € 16.99  70 cl  1 L = 24.27 €,16,16.99,14499,9D9039724E8B326C6874301408B99744,Absinthe,A7A8E4E8B5AA9948CD9EB4407E662114,18/02/2015 13:45:58,€,9D435570E9E700CD3E25CC30F4C5199C,B759459D85D5C74EBD26499BBDB165E1,58,3246,25109_Lidlfr_promo_3246_14499,Lidl.fr_promo,25109_Lidlfr_promo,25109,http://www.Lidl.fr/fr/offres-513.htm?id=596,,,,
25103_Lidlfr_promo_3246_14499,Nos offres/Mercredi 25/02|Savoie/Mercredi 25/02,325 g,Tarte aux 3 fromages savoyards,25103_Lidlfr_promo,1 kg = 12.28 €,25103_Lidlfr_promo_3246,67,<strong class="price pricebutton" style="                color:#007d9b;            "> € 3.99  325 g  1 kg = 12.28 €,10,3.99,14499,05D22859D6CFFBA059DB9C03EE4A6E11,Tarte aux 3 fromages savoyards,3909E3E8A8B679BB9EA21490ED14246A,18/02/2015 13:45:56,€,7730CDB12B2511A980827098D054A30E,D82604DE52C7A4C0D104443D90790B81,58,3246,25103_Lidlfr_promo_3246_14499,Lidl.fr_promo,25103_Lidlfr_promo,25103,http://www.Lidl.fr/fr/offres-513.htm?id=596,,,,
25105_Lidlfr_promo_3246_14499,Nos offres/Mercredi 25/02|Savoie/Mercredi 25/02,300 g,Tomme de Savoie IGP,25105_Lidlfr_promo,1 kg = 10.30 €,25105_Lidlfr_promo_3246,67,<strong class="price pricebutton" style="                color:#007d9b;            "> € 3.09  300 g  1 kg = 10.30 €,12,3.09,14499,ADAC402393CA32366B79E602A499A8C4,Tomme de Savoie IGP,2587EC0101CB62C4B8A27E361E2699CF,18/02/2015 13:45:57,€,0BFD86C93F776FF469574BA957A542E3,DA29469A4B6418140138895517BE93C4,58,3246,25105_Lidlfr_promo_3246_14499,Lidl.fr_promo,25105_Lidlfr_promo,25105,http://www.Lidl.fr/fr/offres-513.htm?id=596,,,,
25143_Lidlfr_promo_3246_14499,Nos offres/Mercredi 25/02|Viandes de bœuf/Mercredi 25/02,10 x 100 g,Steaks hachés pur bœuf,25143_Lidlfr_promo,,25143_Lidlfr_promo_3246,68,<strong class="price pricebutton" style="                color:#eb212e;            "> € 5.17  10 x 100 g,6,5.17,14499,4BB670914E64ED1E0CC333529C8A96C1,Steaks hachés pur bœuf,95776EB63DB4E74297A8D5BA94D35910,18/02/2015 13:46:03,€,20512E455AEAC9A4C78218C85CCB0166,BFC58C81E954A4EE8722992437A86D9D,58,3246,25143_Lidlfr_promo_3246_14499,Lidl.fr_promo,25143_Lidlfr_promo,25143,http://www.Lidl.fr/fr/offres-513.htm?id=597,,,,
25145_Lidlfr_promo_3246_14499,Nos offres/Mercredi 25/02|Viandes de bœuf/Mercredi 25/02,8 x 125 g,Steaks hachés façon bouchère pur bœuf,25145_Lidlfr_promo,,25145_Lidlfr_promo_3246,68,<strong class="price pricebutton" style="                color:#eb212e;            "> € 7.29  8 x 125 g,8,7.29,14499,082D6B069DC624A2FE46348B1ECDFD9B,Steaks hachés façon bouchère pur bœuf,0D51306976841B9C66F95EF9D20966BF,18/02/2015 13:46:04,€,2243640A99FE2259B5EFACA812852CF0,BE419CDF098BAE8C8530EA4F19AF3837,58,3246,25145_Lidlfr_promo_3246_14499,Lidl.fr_promo,25145_Lidlfr_promo,25145,http://www.Lidl.fr/fr/offres-513.htm?id=597,,,,
25019_Lidlfr_promo_3246_14499,Nos offres/Lundi 23/02|Extérieur/Lundi 23/02,L'unité au choix,Jardinière avec niveau d'eau,25019_Lidlfr_promo,,25019_Lidlfr_promo_3246,66,<strong class="price pricebutton" style="                color:#4b650d;            "> à partir de  € 4.99  L'unité au choix,10,4.99,14499,DF383F1C110F67D15BBF65FDC0EE7306,Jardinière avec niveau d'eau,3DA2232F508015DC544E92C67D9FF797,18/02/2015 13:45:50,€,C5A558493176E3CC12E6AF4BBA1BEEB6,112473807DF45853E16204788CE21E2C,58,3246,25019_Lidlfr_promo_3246_14499,Lidl.fr_promo,25019_Lidlfr_promo,25019,http://www.Lidl.fr/fr/offres-513.htm?id=594,,,,
25020_Lidlfr_promo_3246_14499,Nos offres/Lundi 23/02|Extérieur/Lundi 23/02,L'unité au choix,Paillasson,25020_Lidlfr_promo,,25020_Lidlfr_promo_3246,66,<strong class="price pricebutton" style="                color:#4b650d;            "> € 2.99  L'unité au choix,11,2.99,14499,57F8CFCAC28C6E89F2EDAC948239AA40,Paillasson,DA351F8269526C16BDFC958CB6660D9E,18/02/2015 13:45:50,€,AE09B761381A6D88EF1D046119490523,39E947EB63C8BAC0A911B23AC881C9BB,58,3246,25020_Lidlfr_promo_3246_14499,Lidl.fr_promo,25020_Lidlfr_promo,25020,http://www.Lidl.fr/fr/offres-513.htm?id=594,,,,
25147_Lidlfr_promo_3246_14499,Nos offres/Mercredi 25/02|Viandes de bœuf/Mercredi 25/02,30 x 30 g,Boulettes au bœuf,25147_Lidlfr_promo,1 kg = 4.83 €,25147_Lidlfr_promo_3246,68,<strong class="price pricebutton" style="                color:#eb212e;            "> € 4.35  30 x 30 g  1 kg = 4.83 €,10,4.35,14499,B0B7B14C635DDF5F283E8DAC059745CA,Boulettes au bœuf,01152211DA6B56465A5CE38CAEC814A5,18/02/2015 13:46:04,€,DF6E25BCC974E4CDF0681ABC756C2DE4,18318DA7DAE61A542729D9DA994161BE,58,3246,25147_Lidlfr_promo_3246_14499,Lidl.fr_promo,25147_Lidlfr_promo,25147,http://www.Lidl.fr/fr/offres-513.htm?id=597,,,,
25110_Lidlfr_promo_3246_14499,Nos offres/Mercredi 25/02|Savoie/Mercredi 25/02,70 cl,Génépi des Alpes,25110_Lidlfr_promo,1 L = 17.13 €,25110_Lidlfr_promo_3246,67,<strong class="price pricebutton" style="                color:#007d9b;            "> € 11.99  70 cl  1 L = 17.13 €,17,11.99,14499,9441EA925ECE7DD9CC0B79AC23339D56,Génépi des Alpes,251C9B82B60134B7277AEED58E45CD8D,18/02/2015 13:45:58,€,356CAE21C11DF629CCCB3DD951BD119C,C14D241ACBC5861CFB8BD95CF2535812,58,3246,25110_Lidlfr_promo_3246_14499,Lidl.fr_promo,25110_Lidlfr_promo,25110,http://www.Lidl.fr/fr/offres-513.htm?id=596,,,,
25141_Lidlfr_promo_3246_14499,Nos offres/Mercredi 25/02|Viandes de bœuf/Mercredi 25/02,180 g,1 entrecôte,25141_Lidlfr_promo,1 kg = 19.94 €,25141_Lidlfr_promo_3246,68,<strong class="price pricebutton" style="                color:#eb212e;            "> € 3.59  180 g  1 kg = 19.94 €,4,3.59,14499,FE585529494A008DE969620533D752FC,1 entrecôte,B0CC025992C0349AFC261EE59B93BCF3,18/02/2015 13:46:03,€,0FDFB2C951DBF7E19EE73A34FE453491,0B7127C966FA2DC3E83D3C9651E9D9B6,58,3246,25141_Lidlfr_promo_3246_14499,Lidl.fr_promo,25141_Lidlfr_promo,25141,http://www.Lidl.fr/fr/offres-513.htm?id=597,,,,
24931_Lidlfr_promo_3246_14499,Nos promos/Moins cher,4 x 80 g au choix,Mousse liégeoise,24931_Lidlfr_promo,1 kg = 2.47 €,24931_Lidlfr_promo_3246,70,<small class="pricecut" style="                color:#e52031;                            background-color:#ffffff;                            border:1px solid #e52031;            "> -20% <em class="priceold" style="                border-left: 2px solid #e52031;            "> 0.99   <small class="specialdesc" style="                background-color: #e52031;            ">18/02 - 24/02  <strong class="price pricebutton" style="                color:#e52031;            "> € 0.79    4 x 80 g au choix  1 kg = 2.47 €,8,0.79,14499,8AD792E316A56133F68E8493F0CF1D2D,Mousse liégeoise,9D1DE8A549DCF0B5CE60050E2F177A88,18/02/2015 13:46:14,€,F91D40CB26F0E8A44FC94FC38E7BB8EE,474E406FC68C5E3F0BCE9A7206CDEF5E,58,3246,24931_Lidlfr_promo_3246_14499,Lidl.fr_promo,24931_Lidlfr_promo,24931,http://www.Lidl.fr/fr/moins-cher.htm,-20%,18/02 - 24/02,0.99,
24933_Lidlfr_promo_3246_14499,Nos promos/Moins cher,La bouteille de 1 L,Pur jus de 4 agrumes,24933_Lidlfr_promo,,24933_Lidlfr_promo_3246,70,<small class="pricecut" style="                color:#e52031;                            background-color:#ffffff;                            border:1px solid #e52031;            "> -20% <em class="priceold" style="                border-left: 2px solid #e52031;            "> 0.99   <small class="specialdesc" style="                background-color: #e52031;            ">18/02 - 24/02  <strong class="price pricebutton" style="                color:#e52031;            "> € 0.79    La bouteille de 1 L,10,0.79,14499,000D562AFB77B582CA15F738F4F353F6,Pur jus de 4 agrumes,FC1F2DC92CBB5F7305E9B9105227FFC0,18/02/2015 13:46:15,€,80C79A4CD9D71725297301DA27092414,942DAAC277DACED487D09DDCBE753D73,58,3246,24933_Lidlfr_promo_3246_14499,Lidl.fr_promo,24933_Lidlfr_promo,24933,http://www.Lidl.fr/fr/moins-cher.htm,-20%,18/02 - 24/02,0.99,
24935_Lidlfr_promo_3246_14499,Nos promos/Moins cher,75 cl,Côtes de Bordeaux AOP,24935_Lidlfr_promo,1 L = 2.79 €,24935_Lidlfr_promo_3246,70,<small class="pricecut" style="                color:#e52031;                            background-color:#ffffff;                            border:1px solid #e52031;            "> -22% <em class="priceold" style="                border-left: 2px solid #e52031;            "> 2.69   <small class="specialdesc" style="                background-color: #e52031;            ">18/02 - 24/02  <strong class="price pricebutton" style="                color:#e52031;            "> € 2.09    75 cl  1 L = 2.79 €,12,2.09,14499,57094FABF183A9D10DDA4D23E5755402,Côtes de Bordeaux AOP,21E041236CA7F8C5EAC932D083BBDAD9,18/02/2015 13:46:15,€,89E3FF71A04661B1FAB6766F6320FB76,546B5E6A6DFE42925B8A87EBCAC1A9CB,58,3246,24935_Lidlfr_promo_3246_14499,Lidl.fr_promo,24935_Lidlfr_promo,24935,http://www.Lidl.fr/fr/moins-cher.htm,-22%,18/02 - 24/02,2.69,
25161_Lidlfr_promo_3246_14499,Nos promos/Moins cher,180 g,Jambon supérieur,25161_Lidlfr_promo,1 kg = 6.61 €,25161_Lidlfr_promo_3246,70,<small class="pricecut" style="                color:#e52031;                            background-color:#ffffff;                            border:1px solid #e52031;            "> -20% <em class="priceold" style="                border-left: 2px solid #e52031;            "> 1.49   <small class="specialdesc" style="                background-color: #e52031;            ">25/02 - 03/03  <strong class="price pricebutton" style="                color:#e52031;            "> € 1.19    180 g  1 kg = 6.61 €,16,1.19,14499,AA17845B1092E3B9E0AFF71E001946D8,Jambon supérieur,28A682DC0BFA5B8DDCFB0BAD5ADE7B5A,18/02/2015 13:46:15,€,7D7D931C47E1E2A5EF881ADB9F86D54D,A7A6B51B4DA2A493F024AAC42D94C7CD,58,3246,25161_Lidlfr_promo_3246_14499,Lidl.fr_promo,25161_Lidlfr_promo,25161,http://www.Lidl.fr/fr/moins-cher.htm,-20%,25/02 - 03/03,1.49,
25163_Lidlfr_promo_3246_14499,Nos promos/Moins cher,100 g,Jambon de Bayonne IGP,25163_Lidlfr_promo,1 kg = 12.90 €,25163_Lidlfr_promo_3246,70,<small class="pricecut" style="                color:#e52031;                            background-color:#ffffff;                            border:1px solid #e52031;            "> -13% <em class="priceold" style="                border-left: 2px solid #e52031;            "> 1.49   <small class="specialdesc" style="                background-color: #e52031;            ">25/02 - 03/03  <strong class="price pricebutton" style="                color:#e52031;            "> € 1.29    100 g  1 kg = 12.90 €,18,1.29,14499,2E0E11AC8BA8C3C65AF7C9249CEC1C85,Jambon de Bayonne IGP,08911473AE34A510723384E105AC60C9,18/02/2015 13:46:15,€,F4BC5EDC4B48BD7F232B689C608B7D65,7E4DDECD5564E9FE8A83E41821797CA3,58,3246,25163_Lidlfr_promo_3246_14499,Lidl.fr_promo,25163_Lidlfr_promo,25163,http://www.Lidl.fr/fr/moins-cher.htm,-13%,25/02 - 03/03,1.49,
25165_Lidlfr_promo_3246_14499,Nos promos/Moins cher,2 x 400 g,Raclette en tranchettes,25165_Lidlfr_promo,1 kg = 5.49 €,25165_Lidlfr_promo_3246,70,<small class="pricecut" style="                color:#e52031;                            background-color:#ffffff;                            border:1px solid #e52031;            "> -17% <em class="priceold" style="                border-left: 2px solid #e52031;            "> 5.29   <small class="specialdesc" style="                background-color: #e52031;            ">25/02 - 03/03  <strong class="price pricebutton" style="                color:#e52031;            "> € 4.39    2 x 400 g  1 kg = 5.49 €,20,4.39,14499,08070F0E248094FDA18E877112E04BD5,Raclette en tranchettes,CCCF39C07C78820BC999BD1D55FBF1D3,18/02/2015 13:46:15,€,62DDE15562EDB133D41FE91CE765B58C,3773B6CF600F775304F7489130B3D7D1,58,3246,25165_Lidlfr_promo_3246_14499,Lidl.fr_promo,25165_Lidlfr_promo,25165,http://www.Lidl.fr/fr/moins-cher.htm,-17%,25/02 - 03/03,5.29,
25167_Lidlfr_promo_3246_14499,Nos promos/Moins cher,250 g,Morbier au lait cru AOP,25167_Lidlfr_promo,1 kg = 6.76 €,25167_Lidlfr_promo_3246,70,<small class="pricecut" style="                color:#e52031;                            background-color:#ffffff;                            border:1px solid #e52031;            "> -21% <em class="priceold" style="                border-left: 2px solid #e52031;            "> 2.15   <small class="specialdesc" style="                background-color: #e52031;            ">25/02 - 03/03  <strong class="price pricebutton" style="                color:#e52031;            "> € 1.69    250 g  1 kg = 6.76 €,22,1.69,14499,EF02DA050CDE2B8991927575E900036D,Morbier au lait cru AOP,3A6EE8D6B1B13B5A89A8223F2DF25DF4,18/02/2015 13:46:16,€,72A7E9B7BB21D430E521DB80143CA3D6,25485DF232E188A3F3E514EE1C9DE020,58,3246,25167_Lidlfr_promo_3246_14499,Lidl.fr_promo,25167_Lidlfr_promo,25167,http://www.Lidl.fr/fr/moins-cher.htm,-21%,25/02 - 03/03,2.15,
25169_Lidlfr_promo_3246_14499,Nos promos/Moins cher,350 g au choix,Lunettes de Romans,25169_Lidlfr_promo,1 kg = 4.54 €,25169_Lidlfr_promo_3246,70,<small class="pricecut" style="                color:#e52031;                            background-color:#ffffff;                            border:1px solid #e52031;            "> -20% <em class="priceold" style="                border-left: 2px solid #e52031;            "> 1.99   <small class="specialdesc" style="                background-color: #e52031;            ">25/02 - 03/03  <strong class="price pricebutton" style="                color:#e52031;            "> € 1.59    350 g au choix  1 kg = 4.54 €,24,1.59,14499,7622480D02051EE4117E73638419A446,Lunettes de Romans,493EE5D553134B4BC7DCEBB0B6251450,18/02/2015 13:46:16,€,5EDFC902870868C662B2C00D41A97B3F,8DE251FEAE057B8675FB551E684A295C,58,3246,25169_Lidlfr_promo_3246_14499,Lidl.fr_promo,25169_Lidlfr_promo,25169,http://www.Lidl.fr/fr/moins-cher.htm,-20%,25/02 - 03/03,1.99,
25170_Lidlfr_promo_3246_14499,Nos promos/Moins cher,8 x 100 g au choix,Fromage blanc,25170_Lidlfr_promo,1 kg = 1.56 €,25170_Lidlfr_promo_3246,70,<small class="pricecut" style="                color:#e52031;                            background-color:#ffffff;                            border:1px solid #e52031;            "> -19% <em class="priceold" style="                border-left: 2px solid #e52031;            "> 1.55   <small class="specialdesc" style="                background-color: #e52031;            ">25/02 - 03/03  <strong class="price pricebutton" style="                color:#e52031;            "> € 1.25    8 x 100 g au choix  1 kg = 1.56 €,25,1.25,14499,5FD737F1618B4F78172570D6E63444CF,Fromage blanc,E060B084F439709859AF336B27ECD789,18/02/2015 13:46:16,€,853FE9D72E2440B1A969CBD96CF5E7BF,4D70135CF4B09E7B072F9F78863F2600,58,3246,25170_Lidlfr_promo_3246_14499,Lidl.fr_promo,25170_Lidlfr_promo,25170,http://www.Lidl.fr/fr/moins-cher.htm,-19%,25/02 - 03/03,1.55,
25172_Lidlfr_promo_3246_14499,Nos promos/Moins cher,La bouteille de 1 L,Rhum blanc traditionnel des Antilles,25172_Lidlfr_promo,,25172_Lidlfr_promo_3246,70,<small class="pricecut" style="                color:#e52031;                            background-color:#ffffff;                            border:1px solid #e52031;            "> -20% <em class="priceold" style="                border-left: 2px solid #e52031;            "> 14.49   <small class="specialdesc" style="                background-color: #e52031;            ">25/02 - 03/03  <strong class="price pricebutton" style="                color:#e52031;            "> € 11.59    La bouteille de 1 L,27,11.59,14499,CA8A2B29D751296D1F3CC6D429534E23,Rhum blanc traditionnel des Antilles,773AD889C2B7AD925CEF7C31950C04D6,18/02/2015 13:46:16,€,774DE76C19857FC8969D365FA1E07EED,A2A12471535005FFEF2984CFA21C8EDA,58,3246,25172_Lidlfr_promo_3246_14499,Lidl.fr_promo,25172_Lidlfr_promo,25172,http://www.Lidl.fr/fr/moins-cher.htm,-20%,25/02 - 03/03,14.49,
24917_Lidlfr_promo_3246_14499,Nos promos/Moins cher,800 g,Pilons de poulet,24917_Lidlfr_promo,1 kg = 3.74 €,24917_Lidlfr_promo_3246,70,<small class="pricecut" style="                color:#e52031;                            background-color:#ffffff;                            border:1px solid #e52031;            "> -18% <em class="priceold" style="                border-left: 2px solid #e52031;            "> 3.69   <small class="specialdesc" style="                background-color: #e52031;            ">18/02 - 24/02  <strong class="price pricebutton" style="                color:#e52031;            "> € 2.99    800 g  1 kg = 3.74 €,1,2.99,14499,E2AFA81B43B2621A06797F0F2706B2A5,Pilons de poulet,7E64E6FEE73187A88C7FB79C8E01E0D1,18/02/2015 13:46:14,€,B5DFA3BA1C1DC979CEC158AB88576979,905FB31E485E7F2FAD5CBA1F425D72E6,58,3246,24917_Lidlfr_promo_3246_14499,Lidl.fr_promo,24917_Lidlfr_promo,24917,http://www.Lidl.fr/fr/moins-cher.htm,-18%,18/02 - 24/02,3.69,
24919_Lidlfr_promo_3246_14499,Nos promos/Moins cher,6 x 130 g,6 cheeseburgers au bœuf,24919_Lidlfr_promo,1 kg = 3.83 €,24919_Lidlfr_promo_3246,70,<small class="pricecut" style="                color:#e52031;                            background-color:#ffffff;                            border:1px solid #e52031;            "> -18% <em class="priceold" style="                border-left: 2px solid #e52031;            "> 3.69   <small class="specialdesc" style="                background-color: #e52031;            ">18/02 - 24/02  <strong class="price pricebutton" style="                color:#e52031;            "> € 2.99    6 x 130 g  1 kg = 3.83 €,3,2.99,14499,69149D37C7E6C2F75766303B33B659E6,6 cheeseburgers au bœuf,F6368EB0F9DDEF46261982A45823EBC2,18/02/2015 13:46:14,€,5C594BD7E9E74EDE32937003B00844FC,3A451D508BE07D684C2FACE70E6ECF9D,58,3246,24919_Lidlfr_promo_3246_14499,Lidl.fr_promo,24919_Lidlfr_promo,24919,http://www.Lidl.fr/fr/moins-cher.htm,-18%,18/02 - 24/02,3.69,
24920_Lidlfr_promo_3246_14499,Nos promos/Moins cher,2 x 150 g au choix,2 cheeseburgers,24920_Lidlfr_promo,1 kg = 5.30 €,24920_Lidlfr_promo_3246,70,<small class="pricecut" style="                color:#e52031;                            background-color:#ffffff;                            border:1px solid #e52031;            "> -20% <em class="priceold" style="                border-left: 2px solid #e52031;            "> 1.99   <small class="specialdesc" style="                background-color: #e52031;            ">18/02 - 24/02  <strong class="price pricebutton" style="                color:#e52031;            "> € 1.59    2 x 150 g au choix  1 kg = 5.30 €,4,1.59,14499,121D366A4863D7DE2B08EA025830272C,2 cheeseburgers,D09AA8B390C39FD39E4FF92E3D37EB2F,18/02/2015 13:46:14,€,BFC7420D642E6455FDFE2F6940AF411C,F00C0EEB95F5A928C3814BC3B3EE962B,58,3246,24920_Lidlfr_promo_3246_14499,Lidl.fr_promo,24920_Lidlfr_promo,24920,http://www.Lidl.fr/fr/moins-cher.htm,-20%,18/02 - 24/02,1.99,
24922_Lidlfr_promo_3246_14499,Nos promos/Moins cher,Soit le lot de 2 x 275 g,Le Rustique camembert,24922_Lidlfr_promo,1 kg = 4.22 €,24922_Lidlfr_promo_3246,70,<small class="pricecut" style="                color:#e52031;                            background-color:#ffffff;                            border:1px solid #e52031;            "> -50% sur le 2ème  <small class="specialdesc" style="                background-color: #e52031;            ">18/02 - 24/02  <strong class="price pricebutton" style="                color:#e52031;            "> € 2.32    Soit le lot de 2 x 275 g  1 kg = 4.22 €,6,2.32,14499,17481297B39A5D04B768C97419A474DD,Le Rustique camembert,4CB706E498F64F9CFA54623FDF611F57,18/02/2015 13:46:14,€,B5E9B760B0084AF6E7DBB890F8D74D84,4BADF6FCE1FB568BA4D71E1645E5DA27,58,3246,24922_Lidlfr_promo_3246_14499,Lidl.fr_promo,24922_Lidlfr_promo,24922,http://www.Lidl.fr/fr/moins-cher.htm,-50% sur le 2ème,18/02 - 24/02,,
24973_Lidlfr_promo_3246_14499,Nos promos/Plantes & fleurs,L'unité au choix,Plantes vertes,24973_Lidlfr_promo,Le 18/02,24973_Lidlfr_promo_3246,73,<strong class="price pricebutton" style="                color:#f05660;            "> € 21.99  L'unité au choix  Le 18/02,1,21.99,14499,77B241215F5FB61E29B394947EB1BAD0,Plantes vertes,19A66422E6A5D4F5D55FB1A63C7AA433,18/02/2015 13:46:28,€,5A1878753682CAA857192010FBC630C5,47AF7FCA91DD663217384FADCD58C8AB,58,3246,24973_Lidlfr_promo_3246_14499,Lidl.fr_promo,24973_Lidlfr_promo,24973,http://www.Lidl.fr/fr/plantes-fleurs.htm,,,,
24982_Lidlfr_promo_3246_14499,Nos promos/Plantes & fleurs,L'unité au choix,Rosier grimpant en motte,24982_Lidlfr_promo,Le 21/02,24982_Lidlfr_promo_3246,73,<strong class="price pricebutton" style="                color:#f05660;            "> € 2.49  L'unité au choix  Le 21/02,3,2.49,14499,03E5F0C008F26E6B209811FEBC2316B5,Rosier grimpant en motte,B163FFAD6C8242CA8256E65AC369E1D7,18/02/2015 13:46:28,€,7863C26788D80813AE62D3ABCF938651,E945A4E090CD71ACBF4CFCC6FF54AD9C,58,3246,24982_Lidlfr_promo_3246_14499,Lidl.fr_promo,24982_Lidlfr_promo,24982,http://www.Lidl.fr/fr/plantes-fleurs.htm,,,,
25035_Lidlfr_promo_3246_14499,Nos promos/Super samedi,750 g,Paupiettes de porc,25035_Lidlfr_promo,1 kg = 5.32 €,25035_Lidlfr_promo_3246,71,<small class="pricecut" style="                color:#e52031;                            background-color:#ffffff;                            border:1px solid #e52031;            "> -22% <em class="priceold" style="                border-left: 2px solid #e52031;            "> 5.15   <small class="specialdesc" style="                background-color: #e52031;            ">21/02 - 21/02  <strong class="price pricebutton" style="                color:#e52031;            "> € 3.99    750 g  1 kg = 5.32 €,2,3.99,14499,380351962ED7C0BABC6EF876060DB46D,Paupiettes de porc,216E46653D9FCB2919C5951FDC3A71E3,18/02/2015 13:46:20,€,D42908EA1A798434BA20EB48BC19E513,099E842AF821E68C6B90D20DDCFC0FC8,58,3246,25035_Lidlfr_promo_3246_14499,Lidl.fr_promo,25035_Lidlfr_promo,25035,http://www.Lidl.fr/fr/super-samedi.htm,-22%,21/02 - 21/02,5.15,
25044_Lidlfr_promo_3246_14499,Nos promos/Fruits & légumes,La barquette de 1 kg,Carottes des sables,25044_Lidlfr_promo,,25044_Lidlfr_promo_3246,72,<small class="specialdesc" style="                background-color: #f1830c;            ">18/02 - 21/02  <strong class="price pricebutton" style="                color:#cf6d04;            "> € 1.29    La barquette de 1 kg,4,1.29,14499,B81E4A7A79BFC758E87CFE0AD0F8D53E,Carottes des sables,E0D229790CF23F585FF8BF9420773962,18/02/2015 13:46:24,€,49BB8F5C108304B9D0BE4822512FDDBA,BCEA8E33F6A05964BDF4AC26C1AA89CF,58,3246,25044_Lidlfr_promo_3246_14499,Lidl.fr_promo,25044_Lidlfr_promo,25044,http://www.Lidl.fr/fr/fruits-legumes.htm,,18/02 - 21/02,,
24991_Lidlfr_promo_3246_14499,Nos promos/Bonnes affaires,L'unité ou le set au choix,Jeu,24991_Lidlfr_promo,,24991_Lidlfr_promo_3246,74,<small class="specialdesc" style="                background-color: #1f4fb8;            ">19/02 - 19/02  <strong class="price pricebutton" style="                color:#1f4fb8;            "> € 10.99    L'unité ou le set au choix,3,10.99,14499,5DDEF9ECF60D11AED4EFE02018C54709,Jeu,46CDB011929B207E80E768EDCD8113C5,18/02/2015 13:46:32,€,DD1FE5896ED7FBE8C8D85990852E67EC,4B23F8DC9EB4ED500A662E396908D39B,58,3246,24991_Lidlfr_promo_3246_14499,Lidl.fr_promo,24991_Lidlfr_promo,24991,http://www.Lidl.fr/fr/bonnes-affaires.htm,,19/02 - 19/02,,
25042_Lidlfr_promo_3246_14499,Nos promos/Fruits & légumes,La pièce,Salade iceberg,25042_Lidlfr_promo,,25042_Lidlfr_promo_3246,72,<small class="specialdesc" style="                background-color: #f1830c;            ">18/02 - 21/02  <strong class="price pricebutton" style="                color:#cf6d04;            "> € 0.79    La pièce,2,0.79,14499,00443201F203FFA24938B88DCA970157,Salade iceberg,4DB4C4E5719BDC01DC3E1BA7F611AF6A,18/02/2015 13:46:23,€,04124B2362E65E4BE5F08CB19D02AE6B,4F7E82050E79D3F6A24897B6413CB90F,58,3246,25042_Lidlfr_promo_3246_14499,Lidl.fr_promo,25042_Lidlfr_promo,25042,http://www.Lidl.fr/fr/fruits-legumes.htm,,18/02 - 21/02,,
24986_Lidlfr_promo_3246_14499,Nos promos/Plantes & fleurs,L'unité,Narcisses,24986_Lidlfr_promo,Le 23/02,24986_Lidlfr_promo_3246,73,<strong class="price pricebutton" style="                color:#f05660;            "> € 1.29  L'unité  Le 23/02,4,1.29,14499,DF9E31B12B1B5DE2420B0EFD2017E97D,Narcisses,513767F2F117F449EB97E71ADF39DE0F,18/02/2015 13:46:29,€,6E055E13A2F56E48EBCCE20536492276,77B1AE6BE955316D7234F2BC5A409CDD,58,3246,24986_Lidlfr_promo_3246_14499,Lidl.fr_promo,24986_Lidlfr_promo,24986,http://www.Lidl.fr/fr/plantes-fleurs.htm,,,,
24871_Lidlfr_promo_1029_14499,Nos offres/Mercredi 18/02|USA/Mercredi 18/02,500 g,Filets de poulet panés,24871_Lidlfr_promo,1 kg = 6.58 €,24871_Lidlfr_promo_1029,78,<strong class="price pricebutton" style="                color:#d83b30;            "> € 3.29  500 g  1 kg = 6.58 €,6,3.29,14499,C1354A0B0EC0EF1D9B09F5F75E1E714F,Filets de poulet panés,F76673D2F4FB43FF4ED9618A85B4C45E,18/02/2015 13:46:56,€,5A34B5D89A7CC05C143F900151BB0617,4D57C8AC8153E8565A307084434A7355,65,1029,24871_Lidlfr_promo_1029_14499,Lidl.fr_promo,24871_Lidlfr_promo,24871,http://www.Lidl.fr/fr/offres-513.htm?id=591,,,,
24873_Lidlfr_promo_1029_14499,Nos offres/Mercredi 18/02|USA/Mercredi 18/02,440 g au choix,Pizza américaine,24873_Lidlfr_promo,1 kg = 4.30 €,24873_Lidlfr_promo_1029,78,<strong class="price pricebutton" style="                color:#d83b30;            "> € 1.89  440 g au choix  1 kg = 4.30 €,8,1.89,14499,E6B439804D4D1E0C0FA1528E0789493C,Pizza américaine,C4F46258A8AE2A97A5A0FF6AEB23EE79,18/02/2015 13:46:57,€,308C08D8B6B8F7782F782F0E2CA2311C,DF3ABFAA6336C64811B77E86B9CB17B0,65,1029,24873_Lidlfr_promo_1029_14499,Lidl.fr_promo,24873_Lidlfr_promo,24873,http://www.Lidl.fr/fr/offres-513.htm?id=591,,,,
24905_Lidlfr_promo_1029_14499,Nos offres/Mercredi 18/02|USA/Mercredi 18/02,190 g au choix,Tortilla de blé fourrée,24905_Lidlfr_promo,1 kg = 12.45 €,24905_Lidlfr_promo_1029,78,<strong class="price pricebutton" style="                color:#d83b30;            "> € 2.29  190 g au choix  1 kg = 12.45 €,9,2.29,14499,5A1D4FC08011ABFA58B5AF722004A61A,Tortilla de blé fourrée,817B32E073C6DB3A8DBD01FF0888E3E0,18/02/2015 13:46:57,€,85DA9F19A31E9DBDC44B1FDE635E0FB4,2708FBA0DC4216AB4AB4DE1FC0C49862,65,1029,24905_Lidlfr_promo_1029_14499,Lidl.fr_promo,24905_Lidlfr_promo,24905,http://www.Lidl.fr/fr/offres-513.htm?id=591,,,,
24761_Lidlfr_promo_1029_14499,Nos offres/Lundi 16/02|Auto/Moto/Lundi 16/02,L'unité,Top case pour scooter,24761_Lidlfr_promo,,24761_Lidlfr_promo_1029,77,<strong class="price pricebutton" style="                color:#f17230;            "> € 29.99  L'unité,6,29.99,14499,7F502620FB0B34204FF6BFB7BB130848,Top case pour scooter,73395452F10D5D97F3198231802F0B46,18/02/2015 13:46:49,€,6E130AB35872B10BDC6F762C8021A33B,C4BD5C1E2AD0C73F8682C1719013B642,65,1029,24761_Lidlfr_promo_1029_14499,Lidl.fr_promo,24761_Lidlfr_promo,24761,http://www.Lidl.fr/fr/offres-513.htm?id=589,,,,
24763_Lidlfr_promo_1029_14499,Nos offres/Lundi 16/02|Auto/Moto/Lundi 16/02,La paire au choix,Lunettes de soleil sport,24763_Lidlfr_promo,,24763_Lidlfr_promo_1029,77,<strong class="price pricebutton" style="                color:#f17230;            "> € 3.99  La paire au choix,8,3.99,14499,CFE0661780F8BB3D8929E7EB750AD581,Lunettes de soleil sport,756D40918D7BB51987BE7CD81215DAAC,18/02/2015 13:46:49,€,3D7B5C445A967FA80466DC722B297590,9E8375D4BEA951A9E639CF4FA7EFA3DD,65,1029,24763_Lidlfr_promo_1029_14499,Lidl.fr_promo,24763_Lidlfr_promo,24763,http://www.Lidl.fr/fr/offres-513.htm?id=589,,,,
24765_Lidlfr_promo_1029_14499,Nos offres/Lundi 16/02|Auto/Moto/Lundi 16/02,L'unité,Couvre-selle pour scooter,24765_Lidlfr_promo,,24765_Lidlfr_promo_1029,77,<strong class="price pricebutton" style="                color:#f17230;            "> € 6.99  L'unité,10,6.99,14499,B35290AA7D48EDA8FEC1BCB7997F5881,Couvre-selle pour scooter,B21A1C47C68F71C8CEE5CFB2E1171119,18/02/2015 13:46:50,€,DB7FC3649537195384D31EBB2340DDCC,511A767823E5718ACE2B93439CD79AC2,65,1029,24765_Lidlfr_promo_1029_14499,Lidl.fr_promo,24765_Lidlfr_promo,24765,http://www.Lidl.fr/fr/offres-513.htm?id=589,,,,
24866_Lidlfr_promo_1029_14499,Nos offres/Mercredi 18/02|USA/Mercredi 18/02,450 g,Flips géants,24866_Lidlfr_promo,1 kg = 4.42 €,24866_Lidlfr_promo_1029,78,<strong class="price pricebutton" style="                color:#d83b30;            "> € 1.99  450 g  1 kg = 4.42 €,1,1.99,14499,75CE736F195E0E09E33CE8966E8F5802,Flips géants,192DEBC9DA26FDF2AE2EF7BFDD078548,18/02/2015 13:46:55,€,6DC049A215E382AFA83B2952735CD492,FC524D9465535E3F32C487236668155F,65,1029,24866_Lidlfr_promo_1029_14499,Lidl.fr_promo,24866_Lidlfr_promo,24866,http://www.Lidl.fr/fr/offres-513.htm?id=591,,,,
24868_Lidlfr_promo_1029_14499,Nos offres/Mercredi 18/02|USA/Mercredi 18/02,200 g au choix,Cruspies,24868_Lidlfr_promo,1 kg = 4.45 €,24868_Lidlfr_promo_1029,78,<strong class="price pricebutton" style="                color:#d83b30;            "> € 0.89  200 g au choix  1 kg = 4.45 €,3,0.89,14499,44227BE6553087EE138647BA184C65B7,Cruspies,058160212738A01DE8E000FF47865D0A,18/02/2015 13:46:56,€,2560444B304AFFE4D98BA0EDF76ABA18,90DA3608667E990227E76560921E5FA7,65,1029,24868_Lidlfr_promo_1029_14499,Lidl.fr_promo,24868_Lidlfr_promo,24868,http://www.Lidl.fr/fr/offres-513.htm?id=591,,,,
24756_Lidlfr_promo_1029_14499,Nos offres/Lundi 16/02|Auto/Moto/Lundi 16/02,L'unité,Atlas routier,24756_Lidlfr_promo,,24756_Lidlfr_promo_1029,77,<strong class="price pricebutton" style="                color:#f17230;            "> € 4.99  L'unité,2,4.99,14499,C66B9E5B7D1D2357A845DFA37C28DBC0,Atlas routier,0441B3C029D7AF5A288DB22BA8E37BE4,18/02/2015 13:46:48,€,10F6F296D5291A7BE848F705B1E0948F,2CA59FD9C3117F138E722E13597F2B0B,65,1029,24756_Lidlfr_promo_1029_14499,Lidl.fr_promo,24756_Lidlfr_promo,24756,http://www.Lidl.fr/fr/offres-513.htm?id=589,,,,
24758_Lidlfr_promo_1029_14499,Nos offres/Lundi 16/02|Auto/Moto/Lundi 16/02,L'unité au choix,Caleçon technique de moto homme,24758_Lidlfr_promo,,24758_Lidlfr_promo_1029,77,<strong class="price pricebutton" style="                color:#f17230;            "> € 11.99  L'unité au choix,4,11.99,14499,FC9C05DE083CA107D09403273CADB41E,Caleçon technique de moto homme,69BA00D8480F34ED2855156CD392F988,18/02/2015 13:46:48,€,7262C3075200C2314A1B29352717317F,F6423457AD5DAA885F892D5ABAC69A43,65,1029,24758_Lidlfr_promo_1029_14499,Lidl.fr_promo,24758_Lidlfr_promo,24758,http://www.Lidl.fr/fr/offres-513.htm?id=589,,,,
24789_Lidlfr_promo_1029_14499,Nos offres/Lundi 16/02|Mode enfant/Lundi 16/02,La paire au choix,Bottes de pluie enfant,24789_Lidlfr_promo,,24789_Lidlfr_promo_1029,76,<strong class="price pricebutton" style="                color:#ee73aa;            "> € 9.99*  La paire au choix,1,9.99,14499,466FA431B04ADC4F270ECE5623BC69CD,Bottes de pluie enfant,C3A395672829F2F5D7623BFD28440D31,18/02/2015 13:46:43,€,2E088BDDD439C5382D50CD3FA602C070,414E181C908E9B035425E6C057C288E5,65,1029,24789_Lidlfr_promo_1029_14499,Lidl.fr_promo,24789_Lidlfr_promo,24789,http://www.Lidl.fr/fr/offres-513.htm?id=588,,,,
24790_Lidlfr_promo_1029_14499,Nos offres/Lundi 16/02|Mode enfant/Lundi 16/02,L'unité au choix,Veste imperméable garçon,24790_Lidlfr_promo,,24790_Lidlfr_promo_1029,76,<strong class="price pricebutton" style="                color:#ee73aa;            "> € 9.99  L'unité au choix,2,9.99,14499,A8B2F7E8E0A51080F80004E7B75F34DA,Veste imperméable garçon,065C3744D7201E0DB6C944C1D7A3B68D,18/02/2015 13:46:44,€,A32ABBA88889C0A8FCAA59162666C649,C573F25877C971C5CA3AA000F1EDCA35,65,1029,24790_Lidlfr_promo_1029_14499,Lidl.fr_promo,24790_Lidlfr_promo,24790,http://www.Lidl.fr/fr/offres-513.htm?id=588,,,,
24767_Lidlfr_promo_1029_14499,Nos offres/Lundi 16/02|Auto/Moto/Lundi 16/02,Le set,Câbles de démarrage aluminium,24767_Lidlfr_promo,,24767_Lidlfr_promo_1029,77,<strong class="price pricebutton" style="                color:#f17230;            "> € 9.99  Le set,12,9.99,14499,85DB49D16E5DDA6BA964EEB583C9CA2E,Câbles de démarrage aluminium,0DB45A1F90DFD55F25286B79E491A5CF,18/02/2015 13:46:50,€,91680587C3B476935EC6A002BF9A4A08,8158A29C3B5E8D4E8D591D607CFE77B0,65,1029,24767_Lidlfr_promo_1029_14499,Lidl.fr_promo,24767_Lidlfr_promo,24767,http://www.Lidl.fr/fr/offres-513.htm?id=589,,,,
24769_Lidlfr_promo_1029_14499,Nos offres/Lundi 16/02|Auto/Moto/Lundi 16/02,L'unité,Protège pare-brise,24769_Lidlfr_promo,,24769_Lidlfr_promo_1029,77,<strong class="price pricebutton" style="                color:#f17230;            "> € 1.99  L'unité,14,1.99,14499,1016AB8C711CD94605566A9C1F8D61F8,Protège pare-brise,58E56D2C5AFFBA6192AC3173289341DA,18/02/2015 13:46:51,€,FD9E02283CFD7811E7E505FD4C0FF35A,C113616DEDB792F022356B9A8295C00D,65,1029,24769_Lidlfr_promo_1029_14499,Lidl.fr_promo,24769_Lidlfr_promo,24769,http://www.Lidl.fr/fr/offres-513.htm?id=589,,,,
24993_Lidlfr_promo_3246_14499,Nos promos/Bonnes affaires,L'unité ou le set au choix,Jouets d'extérieur,24993_Lidlfr_promo,,24993_Lidlfr_promo_3246,74,<small class="specialdesc" style="                background-color: #1f4fb8;            ">19/02 - 19/02  <strong class="price pricebutton" style="                color:#1f4fb8;            "> € 1.99    L'unité ou le set au choix,5,1.99,14499,B1103BFC1D454B41E8837ABA503F452E,Jouets d'extérieur,7EABE4B5BDD092F8ACCE378044EADE1D,18/02/2015 13:46:33,€,96907586C4254A160666EF3FF245549A,ECC8647B514CB6AE769B6AF99410A092,58,3246,24993_Lidlfr_promo_3246_14499,Lidl.fr_promo,24993_Lidlfr_promo,24993,http://www.Lidl.fr/fr/bonnes-affaires.htm,,19/02 - 19/02,,
24770_Lidlfr_promo_1029_14499,Nos offres/Lundi 16/02|Auto/Moto/Lundi 16/02,L'unité au choix,Réhausseur de siège enfant gr. 2/3,24770_Lidlfr_promo,,24770_Lidlfr_promo_1029,77,<strong class="price pricebutton" style="                color:#f17230;            "> € 11.99  L'unité au choix,15,11.99,14499,30C7F19D7A8824901B6490F15B01608F,Réhausseur de siège enfant gr. 2/3,26C6FF120BFFB70204495A8C7C003541,18/02/2015 13:46:51,€,2B097497397BEF2A7A3F6B0EA1765E42,9C677BD9EAD4EA4926C59A7D0467881D,65,1029,24770_Lidlfr_promo_1029_14499,Lidl.fr_promo,24770_Lidlfr_promo,24770,http://www.Lidl.fr/fr/offres-513.htm?id=589,,,,
24792_Lidlfr_promo_1029_14499,Nos offres/Lundi 16/02|Mode enfant/Lundi 16/02,La paire au choix,Chaussettes chaudes fille ou garçon,24792_Lidlfr_promo,,24792_Lidlfr_promo_1029,76,<strong class="price pricebutton" style="                color:#ee73aa;            "> € 1.99  La paire au choix,4,1.99,14499,FCFD99C0E0781189B40B0A50F12E9DB9,Chaussettes chaudes fille ou garçon,8D00C650BDD454453CE3B8051BE57BCB,18/02/2015 13:46:44,€,EAD18090E75E46CBF163CC823BFD43DE,A962A696F2D82CFF7B5425A562468A46,65,1029,24792_Lidlfr_promo_1029_14499,Lidl.fr_promo,24792_Lidlfr_promo,24792,http://www.Lidl.fr/fr/offres-513.htm?id=588,,,,
24837_Lidlfr_promo_1029_14499,Nos offres/Jeudi 19/02|Douce nuit/Jeudi 19/02,L'unité,Oreiller ergonomique en microfibre,24837_Lidlfr_promo,,24837_Lidlfr_promo_1029,79,<strong class="price pricebutton" style="                color:#a65c9b;            "> € 8.99  L'unité,3,8.99,14499,16D26546EF541F433C228B4DD5AD3FFA,Oreiller ergonomique en microfibre,02B41059B7AF061B630FE6F5A4FA7009,18/02/2015 13:47:03,€,09E8CAF5EBC11B68FE6BD14A5A2406D8,E75B50AAF9E8125E58481A0CFF44B539,65,1029,24837_Lidlfr_promo_1029_14499,Lidl.fr_promo,24837_Lidlfr_promo,24837,http://www.Lidl.fr/fr/offres-513.htm?id=590,,,,
24840_Lidlfr_promo_1029_14499,Nos offres/Jeudi 19/02|Douce nuit/Jeudi 19/02,L'unité au choix,Couette en microfibre,24840_Lidlfr_promo,,24840_Lidlfr_promo_1029,79,<strong class="price pricebutton" style="                color:#a65c9b;            "> à partir de  € 12.99  L'unité au choix,4,12.99,14499,388E802435DF875E09F17C2830D3E132,Couette en microfibre,D7F91FAD73F6C7FDFDE7EA655A9F0402,18/02/2015 13:47:04,€,27D4B8D85DDBD455591122E9A75D4DEA,C32E57398A4A3D95CB29CE12AE30E18F,65,1029,24840_Lidlfr_promo_1029_14499,Lidl.fr_promo,24840_Lidlfr_promo,24840,http://www.Lidl.fr/fr/offres-513.htm?id=590,,,,
24846_Lidlfr_promo_1029_14499,Nos offres/Jeudi 19/02|Douce nuit/Jeudi 19/02,L'ensemble au choix,Pyjama femme,24846_Lidlfr_promo,,24846_Lidlfr_promo_1029,79,<strong class="price pricebutton" style="                color:#a65c9b;            "> € 9.99  L'ensemble au choix,6,9.99,14499,8CC9CE6911524144D30972187EAB6BE0,Pyjama femme,DB24E04BD07CE349097C5ACC32E7A5C6,18/02/2015 13:47:04,€,0D548CDDFFFA3EDD59A3B544C6FFF01F,3B5D4919C43697E04AE8F965BC07ACD1,65,1029,24846_Lidlfr_promo_1029_14499,Lidl.fr_promo,24846_Lidlfr_promo,24846,http://www.Lidl.fr/fr/offres-513.htm?id=590,,,,
24947_Lidlfr_promo_1029_14499,Nos offres/Jeudi 19/02|Maison/Jeudi 19/02,L'unité au choix,Casier à miniatures,24947_Lidlfr_promo,,24947_Lidlfr_promo_1029,80,<strong class="price pricebutton" style="                color:#f3846a;            "> € 11.99*  L'unité au choix,4,11.99,14499,0A64EE4C558BDD5B6E815B51A89E914F,Casier à miniatures,AF04FC251105F7E9FDBEE5E43EF4A74A,18/02/2015 13:47:08,€,13D50CF8F7A072101FD12C081D423BDB,44AEABC3C16B195BA97B91A17DFD6F05,65,1029,24947_Lidlfr_promo_1029_14499,Lidl.fr_promo,24947_Lidlfr_promo,24947,http://www.Lidl.fr/fr/offres-513.htm?id=592,,,,
24943_Lidlfr_promo_1029_14499,Nos offres/Jeudi 19/02|Maison/Jeudi 19/02,L'unité au choix,Horloge murale rétro,24943_Lidlfr_promo,,24943_Lidlfr_promo_1029,80,<strong class="price pricebutton" style="                color:#f3846a;            "> € 4.99*  L'unité au choix,5,4.99,14499,5446D3A9F8135951E7C1C87CE3137751,Horloge murale rétro,027F3BA6E0346B0D66C2F6887FA2A4C3,18/02/2015 13:47:09,€,D8E481B3F1FD5B2312FFE6C3239274A9,E6EC91CBA600CA785D5E02BEB0D0C8EB,65,1029,24943_Lidlfr_promo_1029_14499,Lidl.fr_promo,24943_Lidlfr_promo,24943,http://www.Lidl.fr/fr/offres-513.htm?id=592,,,,
24949_Lidlfr_promo_1029_14499,Nos offres/Jeudi 19/02|Maison/Jeudi 19/02,L'unité au choix,Tablier de cuisine,24949_Lidlfr_promo,,24949_Lidlfr_promo_1029,80,<strong class="price pricebutton" style="                color:#f3846a;            "> € 3.99  L'unité au choix,7,3.99,14499,979C77802AED623E9888DB6886021BFD,Tablier de cuisine,451DEFCCDE248CA220EF9C6B1561F581,18/02/2015 13:47:09,€,ADF7CE90D5B3E5FD803A0069DFEBF989,2FF9DC13024F20C0D3CF1F9474C5A03F,65,1029,24949_Lidlfr_promo_1029_14499,Lidl.fr_promo,24949_Lidlfr_promo,24949,http://www.Lidl.fr/fr/offres-513.htm?id=592,,,,
24879_Lidlfr_promo_1029_14499,Nos offres/Mercredi 18/02|USA/Mercredi 18/02,240 g au choix,8 mini brownies,24879_Lidlfr_promo,1 kg = 5.79 €,24879_Lidlfr_promo_1029,78,<strong class="price pricebutton" style="                color:#d83b30;            "> € 1.39  240 g au choix  1 kg = 5.79 €,15,1.39,14499,124F0E1E702734E2978A3DF91F9AF601,8 mini brownies,DBFCC369908FC9410EB7AEE960FF7322,18/02/2015 13:46:58,€,A0E275280D0AF08857D4E0070A4F1500,52B8BC3917542528942A2D02A624D123,65,1029,24879_Lidlfr_promo_1029_14499,Lidl.fr_promo,24879_Lidlfr_promo,24879,http://www.Lidl.fr/fr/offres-513.htm?id=591,,,,
24880_Lidlfr_promo_1029_14499,Nos offres/Mercredi 18/02|USA/Mercredi 18/02,150 g au choix,Préparation laitière américaine,24880_Lidlfr_promo,1 kg = 3.27 €,24880_Lidlfr_promo_1029,78,<strong class="price pricebutton" style="                color:#d83b30;            "> € 0.49  150 g au choix  1 kg = 3.27 €,16,0.49,14499,48CD93475F83DEB526CB19B8A162DF72,Préparation laitière américaine,7CC7A138A1554B6DB646B53946942D33,18/02/2015 13:46:59,€,E241F5B34D6E0204DC29F159036B405B,592F69EB8605FAF19BB15D0B370CFAC8,65,1029,24880_Lidlfr_promo_1029_14499,Lidl.fr_promo,24880_Lidlfr_promo,24880,http://www.Lidl.fr/fr/offres-513.htm?id=591,,,,
24907_Lidlfr_promo_1029_14499,Nos offres/Mercredi 18/02|USA/Mercredi 18/02,230 ml au choix,Milkshake,24907_Lidlfr_promo,1 L = 3.43 €,24907_Lidlfr_promo_1029,78,<strong class="price pricebutton" style="                color:#d83b30;            "> € 0.79  230 ml au choix  1 L = 3.43 €,10,0.79,14499,A2E8DE8E09A1E63C52AE2B5AAE9E00FD,Milkshake,5ABE21C56D413FFCC1E8216C021C1129,18/02/2015 13:46:57,€,CE35182B3379689738C7E7C3E0E1E92C,CCD9F73A3BB415A32B0708B0821761C4,65,1029,24907_Lidlfr_promo_1029_14499,Lidl.fr_promo,24907_Lidlfr_promo,24907,http://www.Lidl.fr/fr/offres-513.htm?id=591,,,,
24877_Lidlfr_promo_1029_14499,Nos offres/Mercredi 18/02|USA/Mercredi 18/02,250 ml,Sirop d'érable,24877_Lidlfr_promo,1 L = 13.96 €,24877_Lidlfr_promo_1029,78,<strong class="price pricebutton" style="                color:#d83b30;            "> € 3.49  250 ml  1 L = 13.96 €,13,3.49,14499,22D7892E667D070A72064E9C340816D2,Sirop d'érable,BDBBB7C6C21FE322C705D9CE0CF93379,18/02/2015 13:46:58,€,307CD0568421D6FD924CAA94E13E4A09,8F4131479DEFDE8DC2F27D096C15D72F,65,1029,24877_Lidlfr_promo_1029_14499,Lidl.fr_promo,24877_Lidlfr_promo,24877,http://www.Lidl.fr/fr/offres-513.htm?id=591,,,,
25012_Lidlfr_promo_1029_14499,Nos offres/Lundi 23/02|Extérieur/Lundi 23/02,Le pot de 750 ml,Peinture pour métaux,25012_Lidlfr_promo,1 L = 7.98 €,25012_Lidlfr_promo_1029,81,<strong class="price pricebutton" style="                color:#4b650d;            "> € 5.99  Le pot de 750 ml  1 L = 7.98 €,2,5.99,14499,1147B6284148FBF54F0283B589FE812E,Peinture pour métaux,0585D01AC9E9B84A4BA24B205FC309EC,18/02/2015 13:47:14,€,B20572E70C497F7C983F2FD0A4C7861A,B71FAF915B91184A5C4DC56C7D6262DA,65,1029,25012_Lidlfr_promo_1029_14499,Lidl.fr_promo,25012_Lidlfr_promo,25012,http://www.Lidl.fr/fr/offres-513.htm?id=594,,,,
25014_Lidlfr_promo_1029_14499,Nos offres/Lundi 23/02|Extérieur/Lundi 23/02,Le pot de 1 L,Peinture blanche express,25014_Lidlfr_promo,,25014_Lidlfr_promo_1029,81,<strong class="price pricebutton" style="                color:#4b650d;            "> € 5.99  Le pot de 1 L,4,5.99,14499,26CFA99510B5CE22D04AF4660985DFC8,Peinture blanche express,02E7A6B75C7FBCEF3C219BDA82576647,18/02/2015 13:47:14,€,C911E7C224D4EC80A8E89C825886C7CB,AD4064ED89C079795893AED6055C1A90,65,1029,25014_Lidlfr_promo_1029_14499,Lidl.fr_promo,25014_Lidlfr_promo,25014,http://www.Lidl.fr/fr/offres-513.htm?id=594,,,,
24950_Lidlfr_promo_1029_14499,Nos offres/Jeudi 19/02|Maison/Jeudi 19/02,Le set au choix,Gant et manique,24950_Lidlfr_promo,,24950_Lidlfr_promo_1029,80,<strong class="price pricebutton" style="                color:#f3846a;            "> € 2.99  Le set au choix,8,2.99,14499,27C21BD8C93F753FF83A774B03882FFA,Gant et manique,2A279A3C4AA7F6965C1FCCB6395385B1,18/02/2015 13:47:09,€,5F9421F345B0CC8D421B930FC41BC82B,EA16C8AD502B00DD6EB031B3FD35D738,65,1029,24950_Lidlfr_promo_1029_14499,Lidl.fr_promo,24950_Lidlfr_promo,24950,http://www.Lidl.fr/fr/offres-513.htm?id=592,,,,
24952_Lidlfr_promo_1029_14499,Nos offres/Jeudi 19/02|Maison/Jeudi 19/02,L'unité au choix,Coussin de chaise,24952_Lidlfr_promo,,24952_Lidlfr_promo_1029,80,<strong class="price pricebutton" style="                color:#f3846a;            "> € 4.99  L'unité au choix,10,4.99,14499,CFCDE28B44ED495CE196D3BC44D073EF,Coussin de chaise,A0ECFBC8A8647343D29C089C7E4C99C7,18/02/2015 13:47:10,€,6AC6CBE9C7911ECDF16D97552DB2B0FB,C9CE98A38EBB27CCDB0E5083F2CFCDE7,65,1029,24952_Lidlfr_promo_1029_14499,Lidl.fr_promo,24952_Lidlfr_promo,24952,http://www.Lidl.fr/fr/offres-513.htm?id=592,,,,
24882_Lidlfr_promo_1029_14499,Nos offres/Mercredi 18/02|USA/Mercredi 18/02,225 g au choix,Mini muffins,24882_Lidlfr_promo,1 kg = 6.62 €,24882_Lidlfr_promo_1029,78,<strong class="price pricebutton" style="                color:#d83b30;            "> € 1.49  225 g au choix  1 kg = 6.62 €,18,1.49,14499,178A57635940E289065FACF1081E328F,Mini muffins,9BAB7A43396482C77D46653D2B5325AF,18/02/2015 13:46:59,€,584A1992AD4F386E93F92A7A4C47DEE6,32E0740FC318FC059523A2F830A5B248,65,1029,24882_Lidlfr_promo_1029_14499,Lidl.fr_promo,24882_Lidlfr_promo,24882,http://www.Lidl.fr/fr/offres-513.htm?id=591,,,,
24855_Lidlfr_promo_1029_14499,Nos offres/Jeudi 19/02|Douce nuit/Jeudi 19/02,L'ensemble au choix,Pyjama fille ou garçon,24855_Lidlfr_promo,,24855_Lidlfr_promo_1029,79,<strong class="price pricebutton" style="                color:#a65c9b;            "> € 5.99  L'ensemble au choix,8,5.99,14499,9244CEBD6105E601E070DF17249EE20C,Pyjama fille ou garçon,AE96C3CD0574CAAB22DAF59D0A73A42F,18/02/2015 13:47:05,€,0A13FA5C7F3FB62F9E02418C38FD0585,28614D9BC22C8A1EC4B6FAFD953EF378,65,1029,24855_Lidlfr_promo_1029_14499,Lidl.fr_promo,24855_Lidlfr_promo,24855,http://www.Lidl.fr/fr/offres-513.htm?id=590,,,,
24945_Lidlfr_promo_1029_14499,Nos offres/Jeudi 19/02|Maison/Jeudi 19/02,L'unité au choix,Mini commode,24945_Lidlfr_promo,,24945_Lidlfr_promo_1029,80,<strong class="price pricebutton" style="                color:#f3846a;            "> € 9.99*  L'unité au choix,2,9.99,14499,98739508E1EEBA6326D0E5CDD3908BBB,Mini commode,4E9051B6D60FF222F3FAC726CEF1F0E0,18/02/2015 13:47:08,€,89CAF6708D9E62E79A152BA3DA1F91B1,E7D849AD71F30E44BED446AC00507F58,65,1029,24945_Lidlfr_promo_1029_14499,Lidl.fr_promo,24945_Lidlfr_promo,24945,http://www.Lidl.fr/fr/offres-513.htm?id=592,,,,
25139_Lidlfr_promo_1029_14499,Nos offres/Mercredi 25/02|Viandes de bœuf/Mercredi 25/02,240 g,Bifteck,25139_Lidlfr_promo,1 kg = 13.54 €,25139_Lidlfr_promo_1029,83,<strong class="price pricebutton" style="                color:#eb212e;            "> € 3.25  240 g  1 kg = 13.54 €,1,3.25,14499,2E3EEE1020B74E07FFB169357EFE904B,Bifteck,C3137AE0FC9430F7A252893EEF43693B,18/02/2015 13:47:26,€,7B9B35284881A766EB066F11FA804DD1,077C7FB8FCF33CEC814D0BDE680AA041,65,1029,25139_Lidlfr_promo_1029_14499,Lidl.fr_promo,25139_Lidlfr_promo,25139,http://www.Lidl.fr/fr/offres-513.htm?id=597,,,,
25148_Lidlfr_promo_1029_14499,Nos offres/Mercredi 25/02|Viandes de bœuf/Mercredi 25/02,400 g,4 steaks hachés pur bœuf,25148_Lidlfr_promo,1 kg = 5.98 €,25148_Lidlfr_promo_1029,83,<small class="pricecut" style="                color:#ffffff;                            background-color:#B41E0A;                            border:1px solid #B41E0A;            "> -20% <em class="priceold" style="                border-left: 2px solid #B41E0A;            "> 2.99   <small class="specialdesc" style="                background-color: #B41E0A;            ">18/02 - 03/03  <strong class="price pricebutton" style="                color:#eb212e;            "> € 2.39    400 g  1 kg = 5.98 €,2,2.39,14499,9C6128F46A78D242EEE432DF59C4F219,4 steaks hachés pur bœuf,D05B97CFDB0150AC15463D852AE1C79F,18/02/2015 13:47:26,€,90E83E42B76EC896109720E4F010173A,861771F24543EAB4B20BD2E057A44C39,65,1029,25148_Lidlfr_promo_1029_14499,Lidl.fr_promo,25148_Lidlfr_promo,25148,http://www.Lidl.fr/fr/offres-513.htm?id=597,-20%,18/02 - 03/03,2.99,
25140_Lidlfr_promo_1029_14499,Nos offres/Mercredi 25/02|Viandes de bœuf/Mercredi 25/02,170 g,Faux-filet,25140_Lidlfr_promo,1 kg = 17.59 €,25140_Lidlfr_promo_1029,83,<strong class="price pricebutton" style="                color:#eb212e;            "> € 2.99  170 g  1 kg = 17.59 €,3,2.99,14499,5DDB6D696DE47B9B7534A11AB2396128,Faux-filet,2EBAE343C0905A5C449DC08C36D0B4A2,18/02/2015 13:47:26,€,1AE4922E6437939550D0900AA67131A9,6CA2A46DDEF1AE69E6F8B205456FD3AE,65,1029,25140_Lidlfr_promo_1029_14499,Lidl.fr_promo,25140_Lidlfr_promo,25140,http://www.Lidl.fr/fr/offres-513.htm?id=597,,,,
25016_Lidlfr_promo_1029_14499,Nos offres/Lundi 23/02|Extérieur/Lundi 23/02,Le pot de 25 L,Gel de protection du bois,25016_Lidlfr_promo,1 L = 3.19 €,25016_Lidlfr_promo_1029,81,<strong class="price pricebutton" style="                color:#4b650d;            "> € 7.99  Le pot de 25 L  1 L = 3.19 €,6,7.99,14499,FB9A25BA2C10024FCCE222BF224FA8EB,Gel de protection du bois,BD26006293111E593C73CFA3AB511583,18/02/2015 13:47:14,€,8FD83ADC14811BFFB2BF812DC0394FFA,7B080BAC7A1E553D6DA63936A525C619,65,1029,25016_Lidlfr_promo_1029_14499,Lidl.fr_promo,25016_Lidlfr_promo,25016,http://www.Lidl.fr/fr/offres-513.htm?id=594,,,,
25018_Lidlfr_promo_1029_14499,Nos offres/Lundi 23/02|Extérieur/Lundi 23/02,L'unité ou le set au choix,Accessoire(s) de jardinage,25018_Lidlfr_promo,,25018_Lidlfr_promo_1029,81,<strong class="price pricebutton" style="                color:#4b650d;            "> € 1.99  L'unité ou le set au choix,8,1.99,14499,7A66AED3E1A8AB2D9934B83DA72C3864,Accessoire(s) de jardinage,F8A5F430985FEF920D469B3E3CCD09AB,18/02/2015 13:47:15,€,DBDAD199A5E5C00AA7C23D8B04F83228,3E70BABF4BCFB88FF496D2F8326BA174,65,1029,25018_Lidlfr_promo_1029_14499,Lidl.fr_promo,25018_Lidlfr_promo,25018,http://www.Lidl.fr/fr/offres-513.htm?id=594,,,,
25021_Lidlfr_promo_1029_14499,Nos offres/Lundi 23/02|Extérieur/Lundi 23/02,L'unité,Sac à végétaux pliable,25021_Lidlfr_promo,,25021_Lidlfr_promo_1029,81,<strong class="price pricebutton" style="                color:#4b650d;            "> € 4.99  L'unité,9,4.99,14499,1EC0F43A4795A9E8131872CADE2DA298,Sac à végétaux pliable,8442A32896766BFCC8852AC07A7EFC0F,18/02/2015 13:47:15,€,96BE8EC2C425C523FFA580FB360A8453,4A6691C609E4D04769C91B4B6F2D5358,65,1029,25021_Lidlfr_promo_1029_14499,Lidl.fr_promo,25021_Lidlfr_promo,25021,http://www.Lidl.fr/fr/offres-513.htm?id=594,,,,
25106_Lidlfr_promo_1029_14499,Nos offres/Mercredi 25/02|Savoie/Mercredi 25/02,6 x 125 g,Yaourt de Savoie "Plaisir des Alpes",25106_Lidlfr_promo,1 kg = 2.92 €,25106_Lidlfr_promo_1029,82,<strong class="price pricebutton" style="                color:#007d9b;            "> € 2.19  6 x 125 g  1 kg = 2.92 €,13,2.19,14499,BEBB6C46E59528B5EEEAD71EAF87C6DB,Yaourt de Savoie "Plaisir des Alpes",E60A512F357F8B5329F4C09A4BAA3136,18/02/2015 13:47:22,€,8B285A080095821BE297CDB255BD1C37,7C07C57FDAC8C86EDCA57EFCDC5134A1,65,1029,25106_Lidlfr_promo_1029_14499,Lidl.fr_promo,25106_Lidlfr_promo,25106,http://www.Lidl.fr/fr/offres-513.htm?id=596,,,,
25108_Lidlfr_promo_1029_14499,Nos offres/Mercredi 25/02|Savoie/Mercredi 25/02,75 cl,Vin de Savoie Terroirs d'Exception 2014 AOP,25108_Lidlfr_promo,1 L = 5.32 €,25108_Lidlfr_promo_1029,82,<strong class="price pricebutton" style="                color:#007d9b;            "> € 3.99  75 cl  1 L = 5.32 €,15,3.99,14499,FC497958E88CBF542BD0860F5E328A45,Vin de Savoie Terroirs d'Exception 2014 AOP,22756B4FD1021FCAE51518BC3B75CF6A,18/02/2015 13:47:22,€,6298CC3FA703AC9B9B06A4575788E760,97D59BBB0FA57E38380BF3415B38B044,65,1029,25108_Lidlfr_promo_1029_14499,Lidl.fr_promo,25108_Lidlfr_promo,25108,http://www.Lidl.fr/fr/offres-513.htm?id=596,,,,
25098_Lidlfr_promo_1029_14499,Nos offres/Mercredi 25/02|Savoie/Mercredi 25/02,600 g,Tartiflette au reblochon de Savoie AOP,25098_Lidlfr_promo,1 kg = 7.98 €,25098_Lidlfr_promo_1029,82,<strong class="price pricebutton" style="                color:#007d9b;            "> € 4.79  600 g  1 kg = 7.98 €,5,4.79,14499,FA17EE6B7CF2366C4C7A986B3A0A6A14,Tartiflette au reblochon de Savoie AOP,42CE42A8B161C1BDF71FE77DBD776F2B,18/02/2015 13:47:20,€,7893351CEC733319E50E0E5680BBE2D2,1FE165377D4907F0EA45A5397520B85C,65,1029,25098_Lidlfr_promo_1029_14499,Lidl.fr_promo,25098_Lidlfr_promo,25098,http://www.Lidl.fr/fr/offres-513.htm?id=596,,,,
25100_Lidlfr_promo_1029_14499,Nos offres/Mercredi 25/02|Savoie/Mercredi 25/02,2 x 150 g au choix,Feuilletés,25100_Lidlfr_promo,1 kg = 5.97 €,25100_Lidlfr_promo_1029,82,<strong class="price pricebutton" style="                color:#007d9b;            "> € 1.79  2 x 150 g au choix  1 kg = 5.97 €,7,1.79,14499,1D48ED27F959AD21497588BEA2593575,Feuilletés,3D64EDAEB9D5BE8EC36143BB4B690197,18/02/2015 13:47:20,€,14B5C92B41BF1B074140E19012A4C54D,92E84FA86A270EA72D92C0293FD678EE,65,1029,25100_Lidlfr_promo_1029_14499,Lidl.fr_promo,25100_Lidlfr_promo,25100,http://www.Lidl.fr/fr/offres-513.htm?id=596,,,,
25142_Lidlfr_promo_1029_14499,Nos offres/Mercredi 25/02|Viandes de bœuf/Mercredi 25/02,10 x 100 g,10 hachés au bœuf "Le tendre et savoureux",25142_Lidlfr_promo,,25142_Lidlfr_promo_1029,83,<strong class="price pricebutton" style="                color:#eb212e;            "> € 4.89  10 x 100 g,5,4.89,14499,3A14EEC11479106505D394BC73729C63,10 hachés au bœuf "Le tendre et savoureux",1175092E71D37946FC3A40970DDD53E3,18/02/2015 13:47:27,€,D0807456A33C3CCE5524AE201C06A79D,9940DC91E5D2185602912EF38945FCEA,65,1029,25142_Lidlfr_promo_1029_14499,Lidl.fr_promo,25142_Lidlfr_promo,25142,http://www.Lidl.fr/fr/offres-513.htm?id=597,,,,
25144_Lidlfr_promo_1029_14499,Nos offres/Mercredi 25/02|Viandes de bœuf/Mercredi 25/02,4 x 100 g,Steak haché pur bœuf,25144_Lidlfr_promo,1 kg = 8.73 €,25144_Lidlfr_promo_1029,83,<strong class="price pricebutton" style="                color:#eb212e;            "> € 3.49  4 x 100 g  1 kg = 8.73 €,7,3.49,14499,FE289A62184C1F5E3652FE11A992D055,Steak haché pur bœuf,B1D7A08E8AF2AAE7717E476D87ABF5DC,18/02/2015 13:47:27,€,91D1E3AF2C7D971277BB77AE77BAB9A2,208C538E54592A60BDE61D93E10CDE94,65,1029,25144_Lidlfr_promo_1029_14499,Lidl.fr_promo,25144_Lidlfr_promo,25144,http://www.Lidl.fr/fr/offres-513.htm?id=597,,,,
25102_Lidlfr_promo_1029_14499,Nos offres/Mercredi 25/02|Savoie/Mercredi 25/02,300 g,Mini délices au beaufort,25102_Lidlfr_promo,1 kg = 4.97 €,25102_Lidlfr_promo_1029,82,<strong class="price pricebutton" style="                color:#007d9b;            "> € 1.49  300 g  1 kg = 4.97 €,9,1.49,14499,5B4AF43745AECBBB20F266382215B83E,Mini délices au beaufort,9B80E2AC2F0619041E922F897511ADC1,18/02/2015 13:47:21,€,C23639BD25A77159256F0199E517C00C,934AE3FE682FD9B04E9A8B15DD789911,65,1029,25102_Lidlfr_promo_1029_14499,Lidl.fr_promo,25102_Lidlfr_promo,25102,http://www.Lidl.fr/fr/offres-513.htm?id=596,,,,
25104_Lidlfr_promo_1029_14499,Nos offres/Mercredi 25/02|Savoie/Mercredi 25/02,720 g,4 hachés de porc savoyards,25104_Lidlfr_promo,1 kg = 6.93 €,25104_Lidlfr_promo_1029,82,<strong class="price pricebutton" style="                color:#007d9b;            "> € 4.99  720 g  1 kg = 6.93 €,11,4.99,14499,2DAB478724A84CA4F66041099010C253,4 hachés de porc savoyards,3F91B3A205D2BF7525FAE3633519D839,18/02/2015 13:47:21,€,541CE2B75B92A37E48752FD13C688A67,DEBCAF71BEE6F0241371E32F2620B2DD,65,1029,25104_Lidlfr_promo_1029_14499,Lidl.fr_promo,25104_Lidlfr_promo,25104,http://www.Lidl.fr/fr/offres-513.htm?id=596,,,,
25146_Lidlfr_promo_1029_14499,Nos offres/Mercredi 25/02|Viandes de bœuf/Mercredi 25/02,800 g,Viande hachée pur bœuf,25146_Lidlfr_promo,1 kg = 6.24 €,25146_Lidlfr_promo_1029,83,<strong class="price pricebutton" style="                color:#eb212e;            "> € 4.99  800 g  1 kg = 6.24 €,9,4.99,14499,B1713CBB8345EAF4E9A08E731E6B739E,Viande hachée pur bœuf,E0145D994F94EA6B964DBCD2335468D3,18/02/2015 13:47:28,€,71BC88D151CA8D48F8AC348FA0712F4C,8C317A7C6C3E9BD6382554CE9F0811AA,65,1029,25146_Lidlfr_promo_1029_14499,Lidl.fr_promo,25146_Lidlfr_promo,25146,http://www.Lidl.fr/fr/offres-513.htm?id=597,,,,
25096_Lidlfr_promo_1029_14499,Nos offres/Mercredi 25/02|Savoie/Mercredi 25/02,250 g,Saucisson sec au beaufort,25096_Lidlfr_promo,1 kg = 10.36 €,25096_Lidlfr_promo_1029,82,<strong class="price pricebutton" style="                color:#007d9b;            "> € 2.59  250 g  1 kg = 10.36 €,2,2.59,14499,B449CF9B60C91C973A7AC7E543D76E89,Saucisson sec au beaufort,43E1EFFB423E180CF84D39D9A38347FB,18/02/2015 13:47:19,€,54D1EC2A03236F718D32461DB2E32D28,E72F04340BA52EEB59AAC43D472D1D31,65,1029,25096_Lidlfr_promo_1029_14499,Lidl.fr_promo,25096_Lidlfr_promo,25096,http://www.Lidl.fr/fr/offres-513.htm?id=596,,,,
25111_Lidlfr_promo_1029_14499,Nos offres/Mercredi 25/02|Savoie/Mercredi 25/02,400 g,Pralines aux amandes,25111_Lidlfr_promo,1 kg = 7.48 €,25111_Lidlfr_promo_1029,82,<strong class="price pricebutton" style="                color:#007d9b;            "> € 2.99  400 g  1 kg = 7.48 €,18,2.99,14499,6539C55D43797DA54B7D746B5C7AC827,Pralines aux amandes,32048AC49D2F3099FD0B9B7FF1412348,18/02/2015 13:47:23,€,E17D322465ABA426F9D4BDAAA7142EED,821B7564A31A15C15F5670DE9E5E127D,65,1029,25111_Lidlfr_promo_1029_14499,Lidl.fr_promo,25111_Lidlfr_promo,25111,http://www.Lidl.fr/fr/offres-513.htm?id=596,,,,
24923_Lidlfr_promo_1029_14499,Nos promos/Moins cher,6 x 125 g,Yoplait Perle de Lait nature,24923_Lidlfr_promo,1 kg = 2.37 €,24923_Lidlfr_promo_1029,85,<small class="pricecut" style="                color:#e52031;                            background-color:#ffffff;                            border:1px solid #e52031;            "> -20% <em class="priceold" style="                border-left: 2px solid #e52031;            "> 2.23   <small class="specialdesc" style="                background-color: #e52031;            ">18/02 - 24/02  <strong class="price pricebutton" style="                color:#e52031;            "> € 1.78    6 x 125 g  1 kg = 2.37 €,7,1.78,14499,1B5B3ABCC53741D47AD8795682F0BC30,Yoplait Perle de Lait nature,A667B2E039779666C5E41F01AC5D860A,18/02/2015 13:47:37,€,B365D5B30F22552C6EF0F39EF6F09A0F,8FB4529686C80D0A7F8442F94024EB9F,65,1029,24923_Lidlfr_promo_1029_14499,Lidl.fr_promo,24923_Lidlfr_promo,24923,http://www.Lidl.fr/fr/moins-cher.htm,-20%,18/02 - 24/02,2.23,
24932_Lidlfr_promo_1029_14499,Nos promos/Moins cher,200 g au choix,Cookies au chocolat,24932_Lidlfr_promo,1 kg = 2.95 €,24932_Lidlfr_promo_1029,85,<small class="pricecut" style="                color:#e52031;                            background-color:#ffffff;                            border:1px solid #e52031;            "> -14% <em class="priceold" style="                border-left: 2px solid #e52031;            "> 0.69   <small class="specialdesc" style="                background-color: #e52031;            ">18/02 - 24/02  <strong class="price pricebutton" style="                color:#e52031;            "> € 0.59    200 g au choix  1 kg = 2.95 €,9,0.59,14499,7BECE1E8D64BBB4460FDCBAA962D91A3,Cookies au chocolat,BDD65D86F6EF0C27F0B33F7402826B2D,18/02/2015 13:47:37,€,EF57086DBC79A4821FD4EF347DEC19FD,817FA9146E77F93396B5B4A108F58CFA,65,1029,24932_Lidlfr_promo_1029_14499,Lidl.fr_promo,24932_Lidlfr_promo,24932,http://www.Lidl.fr/fr/moins-cher.htm,-14%,18/02 - 24/02,0.69,
24934_Lidlfr_promo_1029_14499,Nos promos/Moins cher,5 x 38 g au choix,Mentos,24934_Lidlfr_promo,1 kg = 7.68 €,24934_Lidlfr_promo_1029,85,<small class="pricecut" style="                color:#e52031;                            background-color:#ffffff;                            border:1px solid #e52031;            "> -30% <em class="priceold" style="                border-left: 2px solid #e52031;            "> 2.09   <small class="specialdesc" style="                background-color: #e52031;            ">18/02 - 24/02  <strong class="price pricebutton" style="                color:#e52031;            "> € 1.46    5 x 38 g au choix  1 kg = 7.68 €,11,1.46,14499,0D2D3D90DB2EAEA362930B63E0E4D106,Mentos,6D00E18A92C163CBE01C3EB370081629,18/02/2015 13:47:38,€,A66905E1B2EAEAFFDCCF168C9E98AB5D,208983B70B0FC2F3844880698AF78A6F,65,1029,24934_Lidlfr_promo_1029_14499,Lidl.fr_promo,24934_Lidlfr_promo,24934,http://www.Lidl.fr/fr/moins-cher.htm,-30%,18/02 - 24/02,2.09,
24936_Lidlfr_promo_1029_14499,Nos promos/Moins cher,Soit le lot de 2 x 25 L,Le Chat Sensitive lessive liquide,24936_Lidlfr_promo,1 L = 2.55 €,24936_Lidlfr_promo_1029,85,<small class="pricecut" style="                color:#e52031;                            background-color:#ffffff;                            border:1px solid #e52031;            "> -50% sur le 2ème  <small class="specialdesc" style="                background-color: #e52031;            ">18/02 - 24/02  <strong class="price pricebutton" style="                color:#e52031;            "> € 12.73     Soit le lot de 2 x 25 L  1 L = 2.55 €,13,12.73,14499,C9FE6C447E8DD44984451FE8142381AF,Le Chat Sensitive lessive liquide,014B71DB96E987F93AE7E9C29E9496EE,18/02/2015 13:47:38,€,18298D9ED64EE12E4A70FC3626154ED4,C0C29D6E2DD3F877B24A575D79081598,65,1029,24936_Lidlfr_promo_1029_14499,Lidl.fr_promo,24936_Lidlfr_promo,24936,http://www.Lidl.fr/fr/moins-cher.htm,-50% sur le 2ème,18/02 - 24/02,,
25159_Lidlfr_promo_1029_14499,Nos promos/Moins cher,480 g,4 saucisses de Toulouse,25159_Lidlfr_promo,1 kg = 4.35 €,25159_Lidlfr_promo_1029,85,<small class="pricecut" style="                color:#e52031;                            background-color:#ffffff;                            border:1px solid #e52031;            "> -21% <em class="priceold" style="                border-left: 2px solid #e52031;            "> 2.65   <small class="specialdesc" style="                background-color: #e52031;            ">25/02 - 03/03  <strong class="price pricebutton" style="                color:#e52031;            "> € 2.09    480 g  1 kg = 4.35 €,14,2.09,14499,E73ECEEA94CB88EC1AD17E96EAB6A903,4 saucisses de Toulouse,6F97B92963F5695E93D27AEFFFC884BC,18/02/2015 13:47:38,€,D8C7FAEAC415E3B4AF9E3165687D611E,73A28B73543C4FE7C22EF24532315015,65,1029,25159_Lidlfr_promo_1029_14499,Lidl.fr_promo,25159_Lidlfr_promo,25159,http://www.Lidl.fr/fr/moins-cher.htm,-21%,25/02 - 03/03,2.65,
25160_Lidlfr_promo_1029_14499,Nos promos/Moins cher,340 g,4 diots de Savoie fumés,25160_Lidlfr_promo,1 kg = 5.85 €,25160_Lidlfr_promo_1029,85,<small class="pricecut" style="                color:#e52031;                            background-color:#ffffff;                            border:1px solid #e52031;            "> -20% <em class="priceold" style="                border-left: 2px solid #e52031;            "> 2.49   <small class="specialdesc" style="                background-color: #e52031;            ">25/02 - 03/03  <strong class="price pricebutton" style="                color:#e52031;            "> € 1.99    340 g  1 kg = 5.85 €,15,1.99,14499,02C2E2B1D347741983E32B870C0B997C,4 diots de Savoie fumés,66FC02755B87A447333AD10A0118729E,18/02/2015 13:47:38,€,5B6ED268FC75B405D7A8C13C95980765,24D1F9DBB53D751422970F91CAA12DF6,65,1029,25160_Lidlfr_promo_1029_14499,Lidl.fr_promo,25160_Lidlfr_promo,25160,http://www.Lidl.fr/fr/moins-cher.htm,-20%,25/02 - 03/03,2.49,
25162_Lidlfr_promo_1029_14499,Nos promos/Moins cher,225 g,Saucisson sec Label Rouge,25162_Lidlfr_promo,1 kg = 9.73 €,25162_Lidlfr_promo_1029,85,<small class="pricecut" style="                color:#e52031;                            background-color:#ffffff;                            border:1px solid #e52031;            "> -21% <em class="priceold" style="                border-left: 2px solid #e52031;            "> 2.79   <small class="specialdesc" style="                background-color: #e52031;            ">25/02 - 03/03  <strong class="price pricebutton" style="                color:#e52031;            "> € 2.19    225 g  1 kg = 9.73 €,17,2.19,14499,01F8BF5BFBF337AE759977A03444D555,Saucisson sec Label Rouge,D71DFB3B7D43713CFFC7F11561C9C4BB,18/02/2015 13:47:38,€,70BB933D7F584F97781EE6DE4EF507DD,53EFC88B91116CC2A1C96CB17DDAC5CF,65,1029,25162_Lidlfr_promo_1029_14499,Lidl.fr_promo,25162_Lidlfr_promo,25162,http://www.Lidl.fr/fr/moins-cher.htm,-21%,25/02 - 03/03,2.79,
25164_Lidlfr_promo_1029_14499,Nos promos/Moins cher,500 g,Feuillantine comtoise,25164_Lidlfr_promo,1 kg = 6.38 €,25164_Lidlfr_promo_1029,85,<small class="pricecut" style="                color:#e52031;                            background-color:#ffffff;                            border:1px solid #e52031;            "> -20% <em class="priceold" style="                border-left: 2px solid #e52031;            "> 3.99   <small class="specialdesc" style="                background-color: #e52031;            ">25/02 - 03/03  <strong class="price pricebutton" style="                color:#e52031;            "> € 3.19    500 g  1 kg = 6.38 €,19,3.19,14499,2EA180BDAA7B303CC171B3C5FCA43ADE,Feuillantine comtoise,D4736489510B906DA049E5C1632A04CF,18/02/2015 13:47:38,€,631D144A8A79E6BA4B594644C996ECED,7B4D37D410B3B267742787492C5CCA46,65,1029,25164_Lidlfr_promo_1029_14499,Lidl.fr_promo,25164_Lidlfr_promo,25164,http://www.Lidl.fr/fr/moins-cher.htm,-20%,25/02 - 03/03,3.99,
25166_Lidlfr_promo_1029_14499,Nos promos/Moins cher,Le kilo,Cantal entre-deux AOP,25166_Lidlfr_promo,,25166_Lidlfr_promo_1029,85,<small class="pricecut" style="                color:#e52031;                            background-color:#ffffff;                            border:1px solid #e52031;            "> -16% sur prix kilo <em class="priceold" style="                border-left: 2px solid #e52031;            "> 8.30   <small class="specialdesc" style="                background-color: #e52031;            ">25/02 - 03/03  <strong class="price pricebutton" style="                color:#e52031;            "> € 6.89    Le kilo,21,6.89,14499,78AAB42961AFD9E3AFFB800BC062D1FE,Cantal entre-deux AOP,2653371364091E2E07E2ACD152392409,18/02/2015 13:47:38,€,58AE120A2648BC338DD3EBECA829DCD3,CEACAF9856F429DADABB36E45A45C7E2,65,1029,25166_Lidlfr_promo_1029_14499,Lidl.fr_promo,25166_Lidlfr_promo,25166,http://www.Lidl.fr/fr/moins-cher.htm,-16% sur prix kilo,25/02 - 03/03,8.30,
25168_Lidlfr_promo_1029_14499,Nos promos/Moins cher,250 g,Madeleines,25168_Lidlfr_promo,1 kg = 5.16 €,25168_Lidlfr_promo_1029,85,<small class="pricecut" style="                color:#e52031;                            background-color:#ffffff;                            border:1px solid #e52031;            "> -18% <em class="priceold" style="                border-left: 2px solid #e52031;            "> 1.59   <small class="specialdesc" style="                background-color: #e52031;            ">25/02 - 03/03  <strong class="price pricebutton" style="                color:#e52031;            "> € 1.29    250 g  1 kg = 5.16 €,23,1.29,14499,F884AE2317855C3BB7C974CD74D79618,Madeleines,7247A63F440368DA73D1F6F96C407B5D,18/02/2015 13:47:38,€,E0162C14F7F73AA7EFBBED04AB79AEBE,2EED49993F93259B52FE9AD0F9D0C190,65,1029,25168_Lidlfr_promo_1029_14499,Lidl.fr_promo,25168_Lidlfr_promo,25168,http://www.Lidl.fr/fr/moins-cher.htm,-18%,25/02 - 03/03,1.59,
25171_Lidlfr_promo_1029_14499,Nos promos/Moins cher,75 cl,Côtes du Rhône Domaine AOP,25171_Lidlfr_promo,1 L = 2.65 €,25171_Lidlfr_promo_1029,85,<small class="pricecut" style="                color:#e52031;                            background-color:#ffffff;                            border:1px solid #e52031;            "> Moins cher ! <em class="priceold" style="                border-left: 2px solid #e52031;            "> 2.19   <small class="specialdesc" style="                background-color: #e52031;            ">25/02 - 03/03  <strong class="price pricebutton" style="                color:#e52031;            "> € 1.99    75 cl  1 L = 2.65 €,26,1.99,14499,B24A658FE4040F018ADD9E20411C26BC,Côtes du Rhône Domaine AOP,DACA5E18C0B1D5451190F9E537EE530A,18/02/2015 13:47:39,€,873AF723025598D41295744F3EB58C71,3F485403B8671C13C3BF51FEE6E02132,65,1029,25171_Lidlfr_promo_1029_14499,Lidl.fr_promo,25171_Lidlfr_promo,25171,http://www.Lidl.fr/fr/moins-cher.htm,Moins cher !,25/02 - 03/03,2.19,
24918_Lidlfr_promo_1029_14499,Nos promos/Moins cher,10 x 100 g,10 burgers à l'oignon,24918_Lidlfr_promo,,24918_Lidlfr_promo_1029,85,<small class="pricecut" style="                color:#e52031;                            background-color:#ffffff;                            border:1px solid #e52031;            "> -13% <em class="priceold" style="                border-left: 2px solid #e52031;            "> 3.59   <small class="specialdesc" style="                background-color: #e52031;            ">18/02 - 24/02  <strong class="price pricebutton" style="                color:#e52031;            "> € 3.09    10 x 100 g,2,3.09,14499,71EA4498975C19C94D97632A94530547,10 burgers à l'oignon,36105D130D4C736D42A2226946E2BDDA,18/02/2015 13:47:37,€,DA727B74D5F2417D230748C0F52E01EB,F1F8D9E8023B645373B6363E6A6EC18C,65,1029,24918_Lidlfr_promo_1029_14499,Lidl.fr_promo,24918_Lidlfr_promo,24918,http://www.Lidl.fr/fr/moins-cher.htm,-13%,18/02 - 24/02,3.59,
24921_Lidlfr_promo_1029_14499,Nos promos/Moins cher,Le sachet de 1 kg,Epinards en branches,24921_Lidlfr_promo,,24921_Lidlfr_promo_1029,85,<small class="pricecut" style="                color:#e52031;                            background-color:#ffffff;                            border:1px solid #e52031;            "> -19% <em class="priceold" style="                border-left: 2px solid #e52031;            "> 0.98   <small class="specialdesc" style="                background-color: #e52031;            ">18/02 - 24/02  <strong class="price pricebutton" style="                color:#e52031;            "> € 0.79    Le sachet de 1 kg,5,0.79,14499,BB1AFBBC3E2CD82812B11AE361EF1E80,Epinards en branches,DDE5661E37533ABD224B1AB246F4AF1F,18/02/2015 13:47:37,€,4F1C31D5BF492241700AED5762D9409F,8EB7BE5A13CC39A3E56B78ABA08B2039,65,1029,24921_Lidlfr_promo_1029_14499,Lidl.fr_promo,24921_Lidlfr_promo,24921,http://www.Lidl.fr/fr/moins-cher.htm,-19%,18/02 - 24/02,0.98,
25041_Lidlfr_promo_1029_14499,Nos promos/Fruits & légumes,Le filet de 1 kg,Tomates,25041_Lidlfr_promo,,25041_Lidlfr_promo_1029,87,<small class="specialdesc" style="                background-color: #f1830c;            ">18/02 - 21/02  <strong class="price pricebutton" style="                color:#cf6d04;            "> € 0.99    Le filet de 1 kg,1,0.99,14499,B3C5ED276F9D7F1493AB2E77658B92B8,Tomates,36B0EBC8B58615E38EA362592988427C,18/02/2015 13:47:44,€,37F7B5A7D2F6EFEAAC688D9D197A35CC,F0B77BE6BB9550347D8763F2518CB312,65,1029,25041_Lidlfr_promo_1029_14499,Lidl.fr_promo,25041_Lidlfr_promo,25041,http://www.Lidl.fr/fr/fruits-legumes.htm,,18/02 - 21/02,,
25043_Lidlfr_promo_1029_14499,Nos promos/Fruits & légumes,Le filet de 500 g,Oignons rouges,25043_Lidlfr_promo,1 kg = 2.98 €,25043_Lidlfr_promo_1029,87,<small class="specialdesc" style="                background-color: #f1830c;            ">18/02 - 21/02  <strong class="price pricebutton" style="                color:#cf6d04;            "> € 1.49    Le filet de 500 g  1 kg = 2.98 €,3,1.49,14499,AF0D27B2AABD25532583F4EC8394FFB3,Oignons rouges,F9BD447AD3939A6BA22DAE506A00C22B,18/02/2015 13:47:45,€,374BB820AB2D2F3423810B4070D61A24,E8F4D8F59F34AC30A908AF58D123135A,65,1029,25043_Lidlfr_promo_1029_14499,Lidl.fr_promo,25043_Lidlfr_promo,25043,http://www.Lidl.fr/fr/fruits-legumes.htm,,18/02 - 21/02,,
24990_Lidlfr_promo_1029_14499,Nos promos/Bonnes affaires,L'unité au choix,Jeu de construction,24990_Lidlfr_promo,,24990_Lidlfr_promo_1029,89,<small class="specialdesc" style="                background-color: #1f4fb8;            ">19/02 - 19/02  <strong class="price pricebutton" style="                color:#1f4fb8;            "> € 7.99    L'unité au choix,2,7.99,14499,236F73BB129F25B0CB70223223B12BA5,Jeu de construction,E48A83CDB6E8B6E3F6C20D8D3B4E2BE2,18/02/2015 13:47:58,€,6D3A2E4A6B52784FD50514BBA5CAECC5,D2B6D861D66FA14BB7CF8C6112D13E0D,65,1029,24990_Lidlfr_promo_1029_14499,Lidl.fr_promo,24990_Lidlfr_promo,24990,http://www.Lidl.fr/fr/bonnes-affaires.htm,,19/02 - 19/02,,
24992_Lidlfr_promo_1029_14499,Nos promos/Bonnes affaires,L'unité au choix,Voiture télécommandée,24992_Lidlfr_promo,,24992_Lidlfr_promo_1029,89,<small class="specialdesc" style="                background-color: #1f4fb8;            ">19/02 - 19/02  <strong class="price pricebutton" style="                color:#1f4fb8;            "> € 17.99 *   L'unité au choix,4,17.99,14499,88E3BDC448188C614B760E75C86BCFE3,Voiture télécommandée,0B5D563F9B2A1D3671AECC0020C0F056,18/02/2015 13:47:59,€,D670D9A991752DE4BB9A654C59C4E75C,E809EFCDEDFD3421D6AF8AA39F754F7B,65,1029,24992_Lidlfr_promo_1029_14499,Lidl.fr_promo,24992_Lidlfr_promo,24992,http://www.Lidl.fr/fr/bonnes-affaires.htm,,19/02 - 19/02,,
25036_Lidlfr_promo_1029_14499,Nos promos/Super samedi,75 cl,Zinfandel Vin de Californie rosé,25036_Lidlfr_promo,1 L = 1.72 €,25036_Lidlfr_promo_1029,86,<small class="pricecut" style="                color:#e52031;                            background-color:#ffffff;                            border:1px solid #e52031;            "> -50% <em class="priceold" style="                border-left: 2px solid #e52031;            "> 2.59   <small class="specialdesc" style="                background-color: #e52031;            ">21/02 - 21/02  <strong class="price pricebutton" style="                color:#e52031;            "> € 1.29    75 cl  1 L = 1.72 €,1,1.29,14499,9CAA62442A7CC7965124772DA6F2296B,Zinfandel Vin de Californie rosé,A6417B0317E6D5ABA552F145EB2D55B8,18/02/2015 13:47:41,€,E35D7DE0786C6428C0A60B29A7A274A3,DA383B7F4FB8B92BB70373274BFA6879,65,1029,25036_Lidlfr_promo_1029_14499,Lidl.fr_promo,25036_Lidlfr_promo,25036,http://www.Lidl.fr/fr/super-samedi.htm,-50%,21/02 - 21/02,2.59,
25047_Lidlfr_promo_1029_14499,Nos promos/Fruits & légumes,Le filet de 25 kg,Pommes de terre rouges,25047_Lidlfr_promo,1 kg = 0.40 €,25047_Lidlfr_promo_1029,87,<small class="specialdesc" style="                background-color: #f1830c;            ">18/02 - 21/02  <strong class="price pricebutton" style="                color:#cf6d04;            "> € 0.99    Le filet de 25 kg  1 kg = 0.40 €,5,0.99,14499,DCC459F5A1FCA514DA0FE164AC745002,Pommes de terre rouges,87F6B7B2E29967DA4511A831238CFCFE,18/02/2015 13:47:45,€,09E6798CCB370D9871D71DD681B33AC5,4DAAB94B22B63A9E47C1762083A4C9E0,65,1029,25047_Lidlfr_promo_1029_14499,Lidl.fr_promo,25047_Lidlfr_promo,25047,http://www.Lidl.fr/fr/fruits-legumes.htm,,18/02 - 21/02,,
24981_Lidlfr_promo_1029_14499,Nos promos/Bonnes affaires,L'unité au choix,Cadenas,24981_Lidlfr_promo,,24981_Lidlfr_promo_1029,89,<small class="specialdesc" style="                background-color: #1f4fb8;            ">19/02 - 19/02  <strong class="price pricebutton" style="                color:#1f4fb8;            "> € 4.99    L'unité au choix,1,4.99,14499,9AA6F34CDC4C32F13BF251DAB6F54F3C,Cadenas,CDE02242AA7835F81D9FB4D4AA31182D,18/02/2015 13:47:58,€,644EB36DA2ECBF91FC78B22E7E48E8D8,9ADBAADF095C8DE0D2D0B53FE92A5DBB,65,1029,24981_Lidlfr_promo_1029_14499,Lidl.fr_promo,24981_Lidlfr_promo,24981,http://www.Lidl.fr/fr/bonnes-affaires.htm,,19/02 - 19/02,,
24974_Lidlfr_promo_1029_14499,Nos promos/Plantes & fleurs,La barquette de 10 plans,Primevère acaulis,24974_Lidlfr_promo,Le 18/02,24974_Lidlfr_promo_1029,88,<strong class="price pricebutton" style="                color:#f05660;            "> € 2.49  La barquette de 10 plans  Le 18/02,2,2.49,14499,803217FCA54B74A204BD3902B3C021BF,Primevère acaulis,61585398A490A5BB921E689A7A55CA66,18/02/2015 13:47:56,€,CED8FFF7C420664683C654E4D0B633A0,F138E593207A9B63CE9A539AA94337BC,65,1029,24974_Lidlfr_promo_1029_14499,Lidl.fr_promo,24974_Lidlfr_promo,24974,http://www.Lidl.fr/fr/plantes-fleurs.htm,,,,
24873_Lidlfr_promo_2875_14499,Nos offres/Mercredi 18/02|USA/Mercredi 18/02,440 g au choix,Pizza américaine,24873_Lidlfr_promo,1 kg = 4.30 €,24873_Lidlfr_promo_2875,93,<strong class="price pricebutton" style="                color:#d83b30;            "> € 1.89  440 g au choix  1 kg = 4.30 €,8,1.89,14499,E6B439804D4D1E0C0FA1528E0789493C,Pizza américaine,478CF69D7E5147FD2BD860B5928DA4BD,18/02/2015 13:48:16,€,7AC2AFBE2252C8B56102C047D6332371,DF3ABFAA6336C64811B77E86B9CB17B0,68,2875,24873_Lidlfr_promo_2875_14499,Lidl.fr_promo,24873_Lidlfr_promo,24873,http://www.Lidl.fr/fr/offres-513.htm?id=591,,,,
24905_Lidlfr_promo_2875_14499,Nos offres/Mercredi 18/02|USA/Mercredi 18/02,190 g au choix,Tortilla de blé fourrée,24905_Lidlfr_promo,1 kg = 12.45 €,24905_Lidlfr_promo_2875,93,<strong class="price pricebutton" style="                color:#d83b30;            "> € 2.29  190 g au choix  1 kg = 12.45 €,9,2.29,14499,5A1D4FC08011ABFA58B5AF722004A61A,Tortilla de blé fourrée,94B1B06BA44AD3B24005D5D79C56A0AC,18/02/2015 13:48:16,€,612BD405740334B151E81BB4331D8911,2708FBA0DC4216AB4AB4DE1FC0C49862,68,2875,24905_Lidlfr_promo_2875_14499,Lidl.fr_promo,24905_Lidlfr_promo,24905,http://www.Lidl.fr/fr/offres-513.htm?id=591,,,,
24907_Lidlfr_promo_2875_14499,Nos offres/Mercredi 18/02|USA/Mercredi 18/02,230 ml au choix,Milkshake,24907_Lidlfr_promo,1 L = 3.43 €,24907_Lidlfr_promo_2875,93,<strong class="price pricebutton" style="                color:#d83b30;            "> € 0.79  230 ml au choix  1 L = 3.43 €,10,0.79,14499,A2E8DE8E09A1E63C52AE2B5AAE9E00FD,Milkshake,A3332F7C4BAA04961E64AA37B4C691C5,18/02/2015 13:48:17,€,C50C7F8FFC035340DBCC4C130EF532DA,CCD9F73A3BB415A32B0708B0821761C4,68,2875,24907_Lidlfr_promo_2875_14499,Lidl.fr_promo,24907_Lidlfr_promo,24907,http://www.Lidl.fr/fr/offres-513.htm?id=591,,,,
24866_Lidlfr_promo_2875_14499,Nos offres/Mercredi 18/02|USA/Mercredi 18/02,450 g,Flips géants,24866_Lidlfr_promo,1 kg = 4.42 €,24866_Lidlfr_promo_2875,93,<strong class="price pricebutton" style="                color:#d83b30;            "> € 1.99  450 g  1 kg = 4.42 €,1,1.99,14499,75CE736F195E0E09E33CE8966E8F5802,Flips géants,678DF52AA6C156CBE748D646D15858AB,18/02/2015 13:48:14,€,C2C4955287069AF287E07B79220AEA18,FC524D9465535E3F32C487236668155F,68,2875,24866_Lidlfr_promo_2875_14499,Lidl.fr_promo,24866_Lidlfr_promo,24866,http://www.Lidl.fr/fr/offres-513.htm?id=591,,,,
24868_Lidlfr_promo_2875_14499,Nos offres/Mercredi 18/02|USA/Mercredi 18/02,200 g au choix,Cruspies,24868_Lidlfr_promo,1 kg = 4.45 €,24868_Lidlfr_promo_2875,93,<strong class="price pricebutton" style="                color:#d83b30;            "> € 0.89  200 g au choix  1 kg = 4.45 €,3,0.89,14499,44227BE6553087EE138647BA184C65B7,Cruspies,DDA605D0CB56ED14C4FAA7028BD8BE53,18/02/2015 13:48:15,€,991D49EB1D515EFC86007C9F04A71BC6,90DA3608667E990227E76560921E5FA7,68,2875,24868_Lidlfr_promo_2875_14499,Lidl.fr_promo,24868_Lidlfr_promo,24868,http://www.Lidl.fr/fr/offres-513.htm?id=591,,,,
24769_Lidlfr_promo_2875_14499,Nos offres/Lundi 16/02|Auto/Moto/Lundi 16/02,L'unité,Protège pare-brise,24769_Lidlfr_promo,,24769_Lidlfr_promo_2875,92,<strong class="price pricebutton" style="                color:#f17230;            "> € 1.99  L'unité,14,1.99,14499,1016AB8C711CD94605566A9C1F8D61F8,Protège pare-brise,9870E478F2BC12137901DBEE72A60DF3,18/02/2015 13:48:12,€,458AA1CEB269D2EE4482152389856EBD,C113616DEDB792F022356B9A8295C00D,68,2875,24769_Lidlfr_promo_2875_14499,Lidl.fr_promo,24769_Lidlfr_promo,24769,http://www.Lidl.fr/fr/offres-513.htm?id=589,,,,
24770_Lidlfr_promo_2875_14499,Nos offres/Lundi 16/02|Auto/Moto/Lundi 16/02,L'unité au choix,Réhausseur de siège enfant gr. 2/3,24770_Lidlfr_promo,,24770_Lidlfr_promo_2875,92,<strong class="price pricebutton" style="                color:#f17230;            "> € 11.99  L'unité au choix,15,11.99,14499,30C7F19D7A8824901B6490F15B01608F,Réhausseur de siège enfant gr. 2/3,C51B200788EDE16C2CE66E798FAF7BAF,18/02/2015 13:48:12,€,C39688A0E301FFBD51CD5113B7DAC78B,9C677BD9EAD4EA4926C59A7D0467881D,68,2875,24770_Lidlfr_promo_2875_14499,Lidl.fr_promo,24770_Lidlfr_promo,24770,http://www.Lidl.fr/fr/offres-513.htm?id=589,,,,
24790_Lidlfr_promo_2875_14499,Nos offres/Lundi 16/02|Mode enfant/Lundi 16/02,L'unité au choix,Veste imperméable garçon,24790_Lidlfr_promo,,24790_Lidlfr_promo_2875,91,<strong class="price pricebutton" style="                color:#ee73aa;            "> € 9.99  L'unité au choix,2,9.99,14499,A8B2F7E8E0A51080F80004E7B75F34DA,Veste imperméable garçon,59AFDBBF7CFA71B782A48C4E60163621,18/02/2015 13:48:06,€,E600BBE917ACD11A2F44F96361B0F354,C573F25877C971C5CA3AA000F1EDCA35,68,2875,24790_Lidlfr_promo_2875_14499,Lidl.fr_promo,24790_Lidlfr_promo,24790,http://www.Lidl.fr/fr/offres-513.htm?id=588,,,,
24792_Lidlfr_promo_2875_14499,Nos offres/Lundi 16/02|Mode enfant/Lundi 16/02,La paire au choix,Chaussettes chaudes fille ou garçon,24792_Lidlfr_promo,,24792_Lidlfr_promo_2875,91,<strong class="price pricebutton" style="                color:#ee73aa;            "> € 1.99  La paire au choix,4,1.99,14499,FCFD99C0E0781189B40B0A50F12E9DB9,Chaussettes chaudes fille ou garçon,31BDDC30497D89029BFCB43501D94A7E,18/02/2015 13:48:06,€,23A3161C734FDD642B8A8186B574F0D7,A962A696F2D82CFF7B5425A562468A46,68,2875,24792_Lidlfr_promo_2875_14499,Lidl.fr_promo,24792_Lidlfr_promo,24792,http://www.Lidl.fr/fr/offres-513.htm?id=588,,,,
24761_Lidlfr_promo_2875_14499,Nos offres/Lundi 16/02|Auto/Moto/Lundi 16/02,L'unité,Top case pour scooter,24761_Lidlfr_promo,,24761_Lidlfr_promo_2875,92,<strong class="price pricebutton" style="                color:#f17230;            "> € 29.99  L'unité,6,29.99,14499,7F502620FB0B34204FF6BFB7BB130848,Top case pour scooter,55BD9194C756B7F86F018C29CA1979F1,18/02/2015 13:48:10,€,960D053FD3B513EC8E93C6B576911EFB,C4BD5C1E2AD0C73F8682C1719013B642,68,2875,24761_Lidlfr_promo_2875_14499,Lidl.fr_promo,24761_Lidlfr_promo,24761,http://www.Lidl.fr/fr/offres-513.htm?id=589,,,,
24763_Lidlfr_promo_2875_14499,Nos offres/Lundi 16/02|Auto/Moto/Lundi 16/02,La paire au choix,Lunettes de soleil sport,24763_Lidlfr_promo,,24763_Lidlfr_promo_2875,92,<strong class="price pricebutton" style="                color:#f17230;            "> € 3.99  La paire au choix,8,3.99,14499,CFE0661780F8BB3D8929E7EB750AD581,Lunettes de soleil sport,73E79D72D7DB2ED65131B31CB0FBA726,18/02/2015 13:48:10,€,9E3F586446CF7FEB47DBB0A89306708A,9E8375D4BEA951A9E639CF4FA7EFA3DD,68,2875,24763_Lidlfr_promo_2875_14499,Lidl.fr_promo,24763_Lidlfr_promo,24763,http://www.Lidl.fr/fr/offres-513.htm?id=589,,,,
24756_Lidlfr_promo_2875_14499,Nos offres/Lundi 16/02|Auto/Moto/Lundi 16/02,L'unité,Atlas routier,24756_Lidlfr_promo,,24756_Lidlfr_promo_2875,92,<strong class="price pricebutton" style="                color:#f17230;            "> € 4.99  L'unité,2,4.99,14499,C66B9E5B7D1D2357A845DFA37C28DBC0,Atlas routier,DB2542225BCC9371D4C41B299A0CF580,18/02/2015 13:48:09,€,FB7925872CDC5A12020C540DEBED7AE3,2CA59FD9C3117F138E722E13597F2B0B,68,2875,24756_Lidlfr_promo_2875_14499,Lidl.fr_promo,24756_Lidlfr_promo,24756,http://www.Lidl.fr/fr/offres-513.htm?id=589,,,,
24758_Lidlfr_promo_2875_14499,Nos offres/Lundi 16/02|Auto/Moto/Lundi 16/02,L'unité au choix,Caleçon technique de moto homme,24758_Lidlfr_promo,,24758_Lidlfr_promo_2875,92,<strong class="price pricebutton" style="                color:#f17230;            "> € 11.99  L'unité au choix,4,11.99,14499,FC9C05DE083CA107D09403273CADB41E,Caleçon technique de moto homme,EE4135A3B0EF9FFD964DE070DCA0CBF1,18/02/2015 13:48:10,€,E8FD0920F752546773F97D2B770AE971,F6423457AD5DAA885F892D5ABAC69A43,68,2875,24758_Lidlfr_promo_2875_14499,Lidl.fr_promo,24758_Lidlfr_promo,24758,http://www.Lidl.fr/fr/offres-513.htm?id=589,,,,
24765_Lidlfr_promo_2875_14499,Nos offres/Lundi 16/02|Auto/Moto/Lundi 16/02,L'unité,Couvre-selle pour scooter,24765_Lidlfr_promo,,24765_Lidlfr_promo_2875,92,<strong class="price pricebutton" style="                color:#f17230;            "> € 6.99  L'unité,10,6.99,14499,B35290AA7D48EDA8FEC1BCB7997F5881,Couvre-selle pour scooter,787E4BE9A99189EFD7F789D9DD60B1E3,18/02/2015 13:48:11,€,CFD99B1EAE0EF6B896E99297B98D4FA5,511A767823E5718ACE2B93439CD79AC2,68,2875,24765_Lidlfr_promo_2875_14499,Lidl.fr_promo,24765_Lidlfr_promo,24765,http://www.Lidl.fr/fr/offres-513.htm?id=589,,,,
24767_Lidlfr_promo_2875_14499,Nos offres/Lundi 16/02|Auto/Moto/Lundi 16/02,Le set,Câbles de démarrage aluminium,24767_Lidlfr_promo,,24767_Lidlfr_promo_2875,92,<strong class="price pricebutton" style="                color:#f17230;            "> € 9.99  Le set,12,9.99,14499,85DB49D16E5DDA6BA964EEB583C9CA2E,Câbles de démarrage aluminium,0468C930999E718E8E1A1D149B7B0963,18/02/2015 13:48:11,€,35C156D1E27E1F79738D2F64191C287A,8158A29C3B5E8D4E8D591D607CFE77B0,68,2875,24767_Lidlfr_promo_2875_14499,Lidl.fr_promo,24767_Lidlfr_promo,24767,http://www.Lidl.fr/fr/offres-513.htm?id=589,,,,
24871_Lidlfr_promo_2875_14499,Nos offres/Mercredi 18/02|USA/Mercredi 18/02,500 g,Filets de poulet panés,24871_Lidlfr_promo,1 kg = 6.58 €,24871_Lidlfr_promo_2875,93,<strong class="price pricebutton" style="                color:#d83b30;            "> € 3.29  500 g  1 kg = 6.58 €,6,3.29,14499,C1354A0B0EC0EF1D9B09F5F75E1E714F,Filets de poulet panés,625375492489E1FF8BBCAF9836E098F7,18/02/2015 13:48:16,€,029CB6A55870D981C7123646610AB737,4D57C8AC8153E8565A307084434A7355,68,2875,24871_Lidlfr_promo_2875_14499,Lidl.fr_promo,24871_Lidlfr_promo,24871,http://www.Lidl.fr/fr/offres-513.htm?id=591,,,,
24789_Lidlfr_promo_2875_14499,Nos offres/Lundi 16/02|Mode enfant/Lundi 16/02,La paire au choix,Bottes de pluie enfant,24789_Lidlfr_promo,,24789_Lidlfr_promo_2875,91,<strong class="price pricebutton" style="                color:#ee73aa;            "> € 9.99*  La paire au choix,1,9.99,14499,466FA431B04ADC4F270ECE5623BC69CD,Bottes de pluie enfant,36A81F1733E1DEF9F5353DD6F3F68465,18/02/2015 13:48:05,€,C64F1FF2A8F723C651794C275C26B98E,414E181C908E9B035425E6C057C288E5,68,2875,24789_Lidlfr_promo_2875_14499,Lidl.fr_promo,24789_Lidlfr_promo,24789,http://www.Lidl.fr/fr/offres-513.htm?id=588,,,,
24837_Lidlfr_promo_2875_14499,Nos offres/Jeudi 19/02|Douce nuit/Jeudi 19/02,L'unité,Oreiller ergonomique en microfibre,24837_Lidlfr_promo,,24837_Lidlfr_promo_2875,94,<strong class="price pricebutton" style="                color:#a65c9b;            "> € 8.99  L'unité,3,8.99,14499,16D26546EF541F433C228B4DD5AD3FFA,Oreiller ergonomique en microfibre,399322EBC15F46DFDE073BCADB9176C4,18/02/2015 13:48:21,€,CBDF0A7B8B54B24B628D2FE70F1F7C5B,E75B50AAF9E8125E58481A0CFF44B539,68,2875,24837_Lidlfr_promo_2875_14499,Lidl.fr_promo,24837_Lidlfr_promo,24837,http://www.Lidl.fr/fr/offres-513.htm?id=590,,,,
24840_Lidlfr_promo_2875_14499,Nos offres/Jeudi 19/02|Douce nuit/Jeudi 19/02,L'unité au choix,Couette en microfibre,24840_Lidlfr_promo,,24840_Lidlfr_promo_2875,94,<strong class="price pricebutton" style="                color:#a65c9b;            "> à partir de  € 12.99  L'unité au choix,4,12.99,14499,388E802435DF875E09F17C2830D3E132,Couette en microfibre,3C212CDFD1B558B7B40BE1CF9B8AC5D1,18/02/2015 13:48:21,€,14AD24B79D4261F2B64F90A75E7F63A8,C32E57398A4A3D95CB29CE12AE30E18F,68,2875,24840_Lidlfr_promo_2875_14499,Lidl.fr_promo,24840_Lidlfr_promo,24840,http://www.Lidl.fr/fr/offres-513.htm?id=590,,,,
24846_Lidlfr_promo_2875_14499,Nos offres/Jeudi 19/02|Douce nuit/Jeudi 19/02,L'ensemble au choix,Pyjama femme,24846_Lidlfr_promo,,24846_Lidlfr_promo_2875,94,<strong class="price pricebutton" style="                color:#a65c9b;            "> € 9.99  L'ensemble au choix,6,9.99,14499,8CC9CE6911524144D30972187EAB6BE0,Pyjama femme,B452B6036F8A90E754645A514884446E,18/02/2015 13:48:22,€,F5EB71CBAF91EE5E19BE1160C6A5972B,3B5D4919C43697E04AE8F965BC07ACD1,68,2875,24846_Lidlfr_promo_2875_14499,Lidl.fr_promo,24846_Lidlfr_promo,24846,http://www.Lidl.fr/fr/offres-513.htm?id=590,,,,
24945_Lidlfr_promo_2875_14499,Nos offres/Jeudi 19/02|Maison/Jeudi 19/02,L'unité au choix,Mini commode,24945_Lidlfr_promo,,24945_Lidlfr_promo_2875,95,<strong class="price pricebutton" style="                color:#f3846a;            "> € 9.99*  L'unité au choix,2,9.99,14499,98739508E1EEBA6326D0E5CDD3908BBB,Mini commode,634578004027F970453A684513506072,18/02/2015 13:48:25,€,41ED23464B7A51CB7EE767937267AADF,E7D849AD71F30E44BED446AC00507F58,68,2875,24945_Lidlfr_promo_2875_14499,Lidl.fr_promo,24945_Lidlfr_promo,24945,http://www.Lidl.fr/fr/offres-513.htm?id=592,,,,
24947_Lidlfr_promo_2875_14499,Nos offres/Jeudi 19/02|Maison/Jeudi 19/02,L'unité au choix,Casier à miniatures,24947_Lidlfr_promo,,24947_Lidlfr_promo_2875,95,<strong class="price pricebutton" style="                color:#f3846a;            "> € 11.99*  L'unité au choix,4,11.99,14499,0A64EE4C558BDD5B6E815B51A89E914F,Casier à miniatures,6EB74F3AB9553F14E22D0F915D030ECC,18/02/2015 13:48:26,€,85F512D99EF2BD97A02501F980ED2542,44AEABC3C16B195BA97B91A17DFD6F05,68,2875,24947_Lidlfr_promo_2875_14499,Lidl.fr_promo,24947_Lidlfr_promo,24947,http://www.Lidl.fr/fr/offres-513.htm?id=592,,,,
24943_Lidlfr_promo_2875_14499,Nos offres/Jeudi 19/02|Maison/Jeudi 19/02,L'unité au choix,Horloge murale rétro,24943_Lidlfr_promo,,24943_Lidlfr_promo_2875,95,<strong class="price pricebutton" style="                color:#f3846a;            "> € 4.99*  L'unité au choix,5,4.99,14499,5446D3A9F8135951E7C1C87CE3137751,Horloge murale rétro,EF8292A45584D587E8CB23A6ACED8DC4,18/02/2015 13:48:26,€,A9D6B5ED1FEA406463CB895425EE7CF4,E6EC91CBA600CA785D5E02BEB0D0C8EB,68,2875,24943_Lidlfr_promo_2875_14499,Lidl.fr_promo,24943_Lidlfr_promo,24943,http://www.Lidl.fr/fr/offres-513.htm?id=592,,,,
25016_Lidlfr_promo_2875_14499,Nos offres/Lundi 23/02|Extérieur/Lundi 23/02,Le pot de 25 L,Gel de protection du bois,25016_Lidlfr_promo,1 L = 3.19 €,25016_Lidlfr_promo_2875,96,<strong class="price pricebutton" style="                color:#4b650d;            "> € 7.99  Le pot de 25 L  1 L = 3.19 €,6,7.99,14499,FB9A25BA2C10024FCCE222BF224FA8EB,Gel de protection du bois,D384996C865191EC14E2FF599D5514A8,18/02/2015 13:48:30,€,F0D1EFB0C6733DB3BF9101641EAF009B,7B080BAC7A1E553D6DA63936A525C619,68,2875,25016_Lidlfr_promo_2875_14499,Lidl.fr_promo,25016_Lidlfr_promo,25016,http://www.Lidl.fr/fr/offres-513.htm?id=594,,,,
25018_Lidlfr_promo_2875_14499,Nos offres/Lundi 23/02|Extérieur/Lundi 23/02,L'unité ou le set au choix,Accessoire(s) de jardinage,25018_Lidlfr_promo,,25018_Lidlfr_promo_2875,96,<strong class="price pricebutton" style="                color:#4b650d;            "> € 1.99  L'unité ou le set au choix,8,1.99,14499,7A66AED3E1A8AB2D9934B83DA72C3864,Accessoire(s) de jardinage,DF6B122608027E5F7434B753ABE68888,18/02/2015 13:48:31,€,416991894A269012717178B4B16BDDC5,3E70BABF4BCFB88FF496D2F8326BA174,68,2875,25018_Lidlfr_promo_2875_14499,Lidl.fr_promo,25018_Lidlfr_promo,25018,http://www.Lidl.fr/fr/offres-513.htm?id=594,,,,
24880_Lidlfr_promo_2875_14499,Nos offres/Mercredi 18/02|USA/Mercredi 18/02,150 g au choix,Préparation laitière américaine,24880_Lidlfr_promo,1 kg = 3.27 €,24880_Lidlfr_promo_2875,93,<strong class="price pricebutton" style="                color:#d83b30;            "> € 0.49  150 g au choix  1 kg = 3.27 €,16,0.49,14499,48CD93475F83DEB526CB19B8A162DF72,Préparation laitière américaine,C7C8E27111D9107AB96D5DA847B6C44D,18/02/2015 13:48:18,€,859BE5CB719E8E2F1ABCCEC0C2CB1A15,592F69EB8605FAF19BB15D0B370CFAC8,68,2875,24880_Lidlfr_promo_2875_14499,Lidl.fr_promo,24880_Lidlfr_promo,24880,http://www.Lidl.fr/fr/offres-513.htm?id=591,,,,
24882_Lidlfr_promo_2875_14499,Nos offres/Mercredi 18/02|USA/Mercredi 18/02,225 g au choix,Mini muffins,24882_Lidlfr_promo,1 kg = 6.62 €,24882_Lidlfr_promo_2875,93,<strong class="price pricebutton" style="                color:#d83b30;            "> € 1.49  225 g au choix  1 kg = 6.62 €,18,1.49,14499,178A57635940E289065FACF1081E328F,Mini muffins,B420E8AB945EBDC939F640962B30E5EE,18/02/2015 13:48:19,€,2C2D48D131450A2A68C01BE72211FE38,32E0740FC318FC059523A2F830A5B248,68,2875,24882_Lidlfr_promo_2875_14499,Lidl.fr_promo,24882_Lidlfr_promo,24882,http://www.Lidl.fr/fr/offres-513.htm?id=591,,,,
24877_Lidlfr_promo_2875_14499,Nos offres/Mercredi 18/02|USA/Mercredi 18/02,250 ml,Sirop d'érable,24877_Lidlfr_promo,1 L = 13.96 €,24877_Lidlfr_promo_2875,93,<strong class="price pricebutton" style="                color:#d83b30;            "> € 3.49  250 ml  1 L = 13.96 €,13,3.49,14499,22D7892E667D070A72064E9C340816D2,Sirop d'érable,A1279D385F999F822316BAA9C84C5716,18/02/2015 13:48:17,€,AABA28435CADC7544A6FE1835888FCF2,8F4131479DEFDE8DC2F27D096C15D72F,68,2875,24877_Lidlfr_promo_2875_14499,Lidl.fr_promo,24877_Lidlfr_promo,24877,http://www.Lidl.fr/fr/offres-513.htm?id=591,,,,
24879_Lidlfr_promo_2875_14499,Nos offres/Mercredi 18/02|USA/Mercredi 18/02,240 g au choix,8 mini brownies,24879_Lidlfr_promo,1 kg = 5.79 €,24879_Lidlfr_promo_2875,93,<strong class="price pricebutton" style="                color:#d83b30;            "> € 1.39  240 g au choix  1 kg = 5.79 €,15,1.39,14499,124F0E1E702734E2978A3DF91F9AF601,8 mini brownies,32F3C0E4B46314832D0715136D72C673,18/02/2015 13:48:18,€,A71E012EAABDAF37748403EC6EBB8EC7,52B8BC3917542528942A2D02A624D123,68,2875,24879_Lidlfr_promo_2875_14499,Lidl.fr_promo,24879_Lidlfr_promo,24879,http://www.Lidl.fr/fr/offres-513.htm?id=591,,,,
25012_Lidlfr_promo_2875_14499,Nos offres/Lundi 23/02|Extérieur/Lundi 23/02,Le pot de 750 ml,Peinture pour métaux,25012_Lidlfr_promo,1 L = 7.98 €,25012_Lidlfr_promo_2875,96,<strong class="price pricebutton" style="                color:#4b650d;            "> € 5.99  Le pot de 750 ml  1 L = 7.98 €,2,5.99,14499,1147B6284148FBF54F0283B589FE812E,Peinture pour métaux,D4DBA239A74E17A9553112FE46E0506F,18/02/2015 13:48:29,€,12EFD1FFA3B33ADE81A2363D468B2B00,B71FAF915B91184A5C4DC56C7D6262DA,68,2875,25012_Lidlfr_promo_2875_14499,Lidl.fr_promo,25012_Lidlfr_promo,25012,http://www.Lidl.fr/fr/offres-513.htm?id=594,,,,
25014_Lidlfr_promo_2875_14499,Nos offres/Lundi 23/02|Extérieur/Lundi 23/02,Le pot de 1 L,Peinture blanche express,25014_Lidlfr_promo,,25014_Lidlfr_promo_2875,96,<strong class="price pricebutton" style="                color:#4b650d;            "> € 5.99  Le pot de 1 L,4,5.99,14499,26CFA99510B5CE22D04AF4660985DFC8,Peinture blanche express,5433DFD99F370C830FABE9D5066CBAAB,18/02/2015 13:48:30,€,1C60E6CD010C9C381DDAA4BDCF0A1DE4,AD4064ED89C079795893AED6055C1A90,68,2875,25014_Lidlfr_promo_2875_14499,Lidl.fr_promo,25014_Lidlfr_promo,25014,http://www.Lidl.fr/fr/offres-513.htm?id=594,,,,
24949_Lidlfr_promo_2875_14499,Nos offres/Jeudi 19/02|Maison/Jeudi 19/02,L'unité au choix,Tablier de cuisine,24949_Lidlfr_promo,,24949_Lidlfr_promo_2875,95,<strong class="price pricebutton" style="                color:#f3846a;            "> € 3.99  L'unité au choix,7,3.99,14499,979C77802AED623E9888DB6886021BFD,Tablier de cuisine,1844519080BDD86828211B259851742C,18/02/2015 13:48:26,€,7DB813BCD6585FD67BDBCCF83358BD61,2FF9DC13024F20C0D3CF1F9474C5A03F,68,2875,24949_Lidlfr_promo_2875_14499,Lidl.fr_promo,24949_Lidlfr_promo,24949,http://www.Lidl.fr/fr/offres-513.htm?id=592,,,,
24950_Lidlfr_promo_2875_14499,Nos offres/Jeudi 19/02|Maison/Jeudi 19/02,Le set au choix,Gant et manique,24950_Lidlfr_promo,,24950_Lidlfr_promo_2875,95,<strong class="price pricebutton" style="                color:#f3846a;            "> € 2.99  Le set au choix,8,2.99,14499,27C21BD8C93F753FF83A774B03882FFA,Gant et manique,282C796EB7F24B74600269DAB6AF5579,18/02/2015 13:48:27,€,F72728476E52E64C4A6C8C4804999BBA,EA16C8AD502B00DD6EB031B3FD35D738,68,2875,24950_Lidlfr_promo_2875_14499,Lidl.fr_promo,24950_Lidlfr_promo,24950,http://www.Lidl.fr/fr/offres-513.htm?id=592,,,,
24855_Lidlfr_promo_2875_14499,Nos offres/Jeudi 19/02|Douce nuit/Jeudi 19/02,L'ensemble au choix,Pyjama fille ou garçon,24855_Lidlfr_promo,,24855_Lidlfr_promo_2875,94,<strong class="price pricebutton" style="                color:#a65c9b;            "> € 5.99  L'ensemble au choix,8,5.99,14499,9244CEBD6105E601E070DF17249EE20C,Pyjama fille ou garçon,5331F8B1B62F4EBF3754EE032B349894,18/02/2015 13:48:22,€,E0B18D8A8B6B1A9315422E202EDBD7F8,28614D9BC22C8A1EC4B6FAFD953EF378,68,2875,24855_Lidlfr_promo_2875_14499,Lidl.fr_promo,24855_Lidlfr_promo,24855,http://www.Lidl.fr/fr/offres-513.htm?id=590,,,,
24952_Lidlfr_promo_2875_14499,Nos offres/Jeudi 19/02|Maison/Jeudi 19/02,L'unité au choix,Coussin de chaise,24952_Lidlfr_promo,,24952_Lidlfr_promo_2875,95,<strong class="price pricebutton" style="                color:#f3846a;            "> € 4.99  L'unité au choix,10,4.99,14499,CFCDE28B44ED495CE196D3BC44D073EF,Coussin de chaise,EDB8464347942DF02BE36FD2E1FC03FC,18/02/2015 13:48:27,€,C715B35FEA000AF3DF9A54D1F180BD83,C9CE98A38EBB27CCDB0E5083F2CFCDE7,68,2875,24952_Lidlfr_promo_2875_14499,Lidl.fr_promo,24952_Lidlfr_promo,24952,http://www.Lidl.fr/fr/offres-513.htm?id=592,,,,
25139_Lidlfr_promo_2875_14499,Nos offres/Mercredi 25/02|Viandes de bœuf/Mercredi 25/02,240 g,Bifteck,25139_Lidlfr_promo,1 kg = 13.54 €,25139_Lidlfr_promo_2875,98,<strong class="price pricebutton" style="                color:#eb212e;            "> € 3.25  240 g  1 kg = 13.54 €,1,3.25,14499,2E3EEE1020B74E07FFB169357EFE904B,Bifteck,1CF351C5DA0EE32377D906579E40C69D,18/02/2015 13:48:41,€,39A66A0A35A9315CC0D19A5713F91BF3,077C7FB8FCF33CEC814D0BDE680AA041,68,2875,25139_Lidlfr_promo_2875_14499,Lidl.fr_promo,25139_Lidlfr_promo,25139,http://www.Lidl.fr/fr/offres-513.htm?id=597,,,,
25148_Lidlfr_promo_2875_14499,Nos offres/Mercredi 25/02|Viandes de bœuf/Mercredi 25/02,400 g,4 steaks hachés pur bœuf,25148_Lidlfr_promo,1 kg = 5.98 €,25148_Lidlfr_promo_2875,98,<small class="pricecut" style="                color:#ffffff;                            background-color:#B41E0A;                            border:1px solid #B41E0A;            "> -20% <em class="priceold" style="                border-left: 2px solid #B41E0A;            "> 2.99   <small class="specialdesc" style="                background-color: #B41E0A;            ">18/02 - 03/03  <strong class="price pricebutton" style="                color:#eb212e;            "> € 2.39    400 g  1 kg = 5.98 €,2,2.39,14499,9C6128F46A78D242EEE432DF59C4F219,4 steaks hachés pur bœuf,30C331D3C7011DB2AAAB80403620E079,18/02/2015 13:48:41,€,F3F0AC437C477D21CA784D32F2F48EE3,861771F24543EAB4B20BD2E057A44C39,68,2875,25148_Lidlfr_promo_2875_14499,Lidl.fr_promo,25148_Lidlfr_promo,25148,http://www.Lidl.fr/fr/offres-513.htm?id=597,-20%,18/02 - 03/03,2.99,
25140_Lidlfr_promo_2875_14499,Nos offres/Mercredi 25/02|Viandes de bœuf/Mercredi 25/02,170 g,Faux-filet,25140_Lidlfr_promo,1 kg = 17.59 €,25140_Lidlfr_promo_2875,98,<strong class="price pricebutton" style="                color:#eb212e;            "> € 2.99  170 g  1 kg = 17.59 €,3,2.99,14499,5DDB6D696DE47B9B7534A11AB2396128,Faux-filet,C4CD4706A8E47DA7CEBC352726BA479D,18/02/2015 13:48:41,€,CC3A5D3AFCA545ED285B5B6890B6182A,6CA2A46DDEF1AE69E6F8B205456FD3AE,68,2875,25140_Lidlfr_promo_2875_14499,Lidl.fr_promo,25140_Lidlfr_promo,25140,http://www.Lidl.fr/fr/offres-513.htm?id=597,,,,
25106_Lidlfr_promo_2875_14499,Nos offres/Mercredi 25/02|Savoie/Mercredi 25/02,6 x 125 g,Yaourt de Savoie "Plaisir des Alpes",25106_Lidlfr_promo,1 kg = 2.92 €,25106_Lidlfr_promo_2875,97,<strong class="price pricebutton" style="                color:#007d9b;            "> € 2.19  6 x 125 g  1 kg = 2.92 €,13,2.19,14499,BEBB6C46E59528B5EEEAD71EAF87C6DB,Yaourt de Savoie "Plaisir des Alpes",6C7FA0DE96B8DCDA343CB4457CFFAEFB,18/02/2015 13:48:37,€,2314E493ED4C29ABD4C78BDF0A96ABBF,7C07C57FDAC8C86EDCA57EFCDC5134A1,68,2875,25106_Lidlfr_promo_2875_14499,Lidl.fr_promo,25106_Lidlfr_promo,25106,http://www.Lidl.fr/fr/offres-513.htm?id=596,,,,
25108_Lidlfr_promo_2875_14499,Nos offres/Mercredi 25/02|Savoie/Mercredi 25/02,75 cl,Vin de Savoie Terroirs d'Exception 2014 AOP,25108_Lidlfr_promo,1 L = 5.32 €,25108_Lidlfr_promo_2875,97,<strong class="price pricebutton" style="                color:#007d9b;            "> € 3.99  75 cl  1 L = 5.32 €,15,3.99,14499,FC497958E88CBF542BD0860F5E328A45,Vin de Savoie Terroirs d'Exception 2014 AOP,82B1CC28D5574508A86D2520B84C4263,18/02/2015 13:48:37,€,2EE6169C7849BB2F570820891F34A800,97D59BBB0FA57E38380BF3415B38B044,68,2875,25108_Lidlfr_promo_2875_14499,Lidl.fr_promo,25108_Lidlfr_promo,25108,http://www.Lidl.fr/fr/offres-513.htm?id=596,,,,
25098_Lidlfr_promo_2875_14499,Nos offres/Mercredi 25/02|Savoie/Mercredi 25/02,600 g,Tartiflette au reblochon de Savoie AOP,25098_Lidlfr_promo,1 kg = 7.98 €,25098_Lidlfr_promo_2875,97,<strong class="price pricebutton" style="                color:#007d9b;            "> € 4.79  600 g  1 kg = 7.98 €,5,4.79,14499,FA17EE6B7CF2366C4C7A986B3A0A6A14,Tartiflette au reblochon de Savoie AOP,80D4F7A877286EBE94379D73AE4B14CC,18/02/2015 13:48:35,€,BC0116F6334D25949CD222602EC70B31,1FE165377D4907F0EA45A5397520B85C,68,2875,25098_Lidlfr_promo_2875_14499,Lidl.fr_promo,25098_Lidlfr_promo,25098,http://www.Lidl.fr/fr/offres-513.htm?id=596,,,,
25100_Lidlfr_promo_2875_14499,Nos offres/Mercredi 25/02|Savoie/Mercredi 25/02,2 x 150 g au choix,Feuilletés,25100_Lidlfr_promo,1 kg = 5.97 €,25100_Lidlfr_promo_2875,97,<strong class="price pricebutton" style="                color:#007d9b;            "> € 1.79  2 x 150 g au choix  1 kg = 5.97 €,7,1.79,14499,1D48ED27F959AD21497588BEA2593575,Feuilletés,2B01CA8A132058B857697BDAB0C4A82B,18/02/2015 13:48:35,€,8BB9155597EA055719F8405E1D76D7A4,92E84FA86A270EA72D92C0293FD678EE,68,2875,25100_Lidlfr_promo_2875_14499,Lidl.fr_promo,25100_Lidlfr_promo,25100,http://www.Lidl.fr/fr/offres-513.htm?id=596,,,,
25142_Lidlfr_promo_2875_14499,Nos offres/Mercredi 25/02|Viandes de bœuf/Mercredi 25/02,10 x 100 g,10 hachés au bœuf "Le tendre et savoureux",25142_Lidlfr_promo,,25142_Lidlfr_promo_2875,98,<strong class="price pricebutton" style="                color:#eb212e;            "> € 4.89  10 x 100 g,5,4.89,14499,3A14EEC11479106505D394BC73729C63,10 hachés au bœuf "Le tendre et savoureux",FD4082C0C038ADF1B3578D22AB02579E,18/02/2015 13:48:42,€,8E98086ED3338042EB4972BE59AF0FCC,9940DC91E5D2185602912EF38945FCEA,68,2875,25142_Lidlfr_promo_2875_14499,Lidl.fr_promo,25142_Lidlfr_promo,25142,http://www.Lidl.fr/fr/offres-513.htm?id=597,,,,
25144_Lidlfr_promo_2875_14499,Nos offres/Mercredi 25/02|Viandes de bœuf/Mercredi 25/02,4 x 100 g,Steak haché pur bœuf,25144_Lidlfr_promo,1 kg = 8.73 €,25144_Lidlfr_promo_2875,98,<strong class="price pricebutton" style="                color:#eb212e;            "> € 3.49  4 x 100 g  1 kg = 8.73 €,7,3.49,14499,FE289A62184C1F5E3652FE11A992D055,Steak haché pur bœuf,DE09168ABCC9FDAF86AB994E3E7F9B7B,18/02/2015 13:48:42,€,DB0BB648864BC04F591143810CA6811D,208C538E54592A60BDE61D93E10CDE94,68,2875,25144_Lidlfr_promo_2875_14499,Lidl.fr_promo,25144_Lidlfr_promo,25144,http://www.Lidl.fr/fr/offres-513.htm?id=597,,,,
25102_Lidlfr_promo_2875_14499,Nos offres/Mercredi 25/02|Savoie/Mercredi 25/02,300 g,Mini délices au beaufort,25102_Lidlfr_promo,1 kg = 4.97 €,25102_Lidlfr_promo_2875,97,<strong class="price pricebutton" style="                color:#007d9b;            "> € 1.49  300 g  1 kg = 4.97 €,9,1.49,14499,5B4AF43745AECBBB20F266382215B83E,Mini délices au beaufort,52741915B03FBB41A08E2637D3F4F02B,18/02/2015 13:48:36,€,6041FC61C2F9D4C80BD6804E5D89C2CA,934AE3FE682FD9B04E9A8B15DD789911,68,2875,25102_Lidlfr_promo_2875_14499,Lidl.fr_promo,25102_Lidlfr_promo,25102,http://www.Lidl.fr/fr/offres-513.htm?id=596,,,,
25104_Lidlfr_promo_2875_14499,Nos offres/Mercredi 25/02|Savoie/Mercredi 25/02,720 g,4 hachés de porc savoyards,25104_Lidlfr_promo,1 kg = 6.93 €,25104_Lidlfr_promo_2875,97,<strong class="price pricebutton" style="                color:#007d9b;            "> € 4.99  720 g  1 kg = 6.93 €,11,4.99,14499,2DAB478724A84CA4F66041099010C253,4 hachés de porc savoyards,35335EB2D9EBE02A136750C939726F5A,18/02/2015 13:48:36,€,A3E3160F1CE3CC14D4B8F706D869991F,DEBCAF71BEE6F0241371E32F2620B2DD,68,2875,25104_Lidlfr_promo_2875_14499,Lidl.fr_promo,25104_Lidlfr_promo,25104,http://www.Lidl.fr/fr/offres-513.htm?id=596,,,,
25146_Lidlfr_promo_2875_14499,Nos offres/Mercredi 25/02|Viandes de bœuf/Mercredi 25/02,800 g,Viande hachée pur bœuf,25146_Lidlfr_promo,1 kg = 6.24 €,25146_Lidlfr_promo_2875,98,<strong class="price pricebutton" style="                color:#eb212e;            "> € 4.99  800 g  1 kg = 6.24 €,9,4.99,14499,B1713CBB8345EAF4E9A08E731E6B739E,Viande hachée pur bœuf,7EB4F425F9E420EE2D0543E68041288B,18/02/2015 13:48:43,€,63FD7A53396CC6E037B9B9255050A5C8,8C317A7C6C3E9BD6382554CE9F0811AA,68,2875,25146_Lidlfr_promo_2875_14499,Lidl.fr_promo,25146_Lidlfr_promo,25146,http://www.Lidl.fr/fr/offres-513.htm?id=597,,,,
25096_Lidlfr_promo_2875_14499,Nos offres/Mercredi 25/02|Savoie/Mercredi 25/02,250 g,Saucisson sec au beaufort,25096_Lidlfr_promo,1 kg = 10.36 €,25096_Lidlfr_promo_2875,97,<strong class="price pricebutton" style="                color:#007d9b;            "> € 2.59  250 g  1 kg = 10.36 €,2,2.59,14499,B449CF9B60C91C973A7AC7E543D76E89,Saucisson sec au beaufort,471466C585860D7C3C546389425C8DEC,18/02/2015 13:48:34,€,F4339C4452ACE9AC1FA4380F48A631FB,E72F04340BA52EEB59AAC43D472D1D31,68,2875,25096_Lidlfr_promo_2875_14499,Lidl.fr_promo,25096_Lidlfr_promo,25096,http://www.Lidl.fr/fr/offres-513.htm?id=596,,,,
25111_Lidlfr_promo_2875_14499,Nos offres/Mercredi 25/02|Savoie/Mercredi 25/02,400 g,Pralines aux amandes,25111_Lidlfr_promo,1 kg = 7.48 €,25111_Lidlfr_promo_2875,97,<strong class="price pricebutton" style="                color:#007d9b;            "> € 2.99  400 g  1 kg = 7.48 €,18,2.99,14499,6539C55D43797DA54B7D746B5C7AC827,Pralines aux amandes,D4101D139B0FAFA46D1104120E42A7F7,18/02/2015 13:48:38,€,0EC087304E656F8EBA84841F41D2284E,821B7564A31A15C15F5670DE9E5E127D,68,2875,25111_Lidlfr_promo_2875_14499,Lidl.fr_promo,25111_Lidlfr_promo,25111,http://www.Lidl.fr/fr/offres-513.htm?id=596,,,,
25021_Lidlfr_promo_2875_14499,Nos offres/Lundi 23/02|Extérieur/Lundi 23/02,L'unité,Sac à végétaux pliable,25021_Lidlfr_promo,,25021_Lidlfr_promo_2875,96,<strong class="price pricebutton" style="                color:#4b650d;            "> € 4.99  L'unité,9,4.99,14499,1EC0F43A4795A9E8131872CADE2DA298,Sac à végétaux pliable,6FAC865C1A3D64227664379CD4271D36,18/02/2015 13:48:31,€,2ADC03FD39126D4FBFADE2386710F0AA,4A6691C609E4D04769C91B4B6F2D5358,68,2875,25021_Lidlfr_promo_2875_14499,Lidl.fr_promo,25021_Lidlfr_promo,25021,http://www.Lidl.fr/fr/offres-513.htm?id=594,,,,
24923_Lidlfr_promo_2875_14499,Nos promos/Moins cher,6 x 125 g,Yoplait Perle de Lait nature,24923_Lidlfr_promo,1 kg = 2.37 €,24923_Lidlfr_promo_2875,100,<small class="pricecut" style="                color:#e52031;                            background-color:#ffffff;                            border:1px solid #e52031;            "> -20% <em class="priceold" style="                border-left: 2px solid #e52031;            "> 2.23   <small class="specialdesc" style="                background-color: #e52031;            ">18/02 - 24/02  <strong class="price pricebutton" style="                color:#e52031;            "> € 1.78    6 x 125 g  1 kg = 2.37 €,7,1.78,14499,1B5B3ABCC53741D47AD8795682F0BC30,Yoplait Perle de Lait nature,1DC584F514BFF1A1E27628B329EBCE5E,18/02/2015 13:49:02,€,DBB6F9AC915B60AAA6F98A10EF7BD540,8FB4529686C80D0A7F8442F94024EB9F,68,2875,24923_Lidlfr_promo_2875_14499,Lidl.fr_promo,24923_Lidlfr_promo,24923,http://www.Lidl.fr/fr/moins-cher.htm,-20%,18/02 - 24/02,2.23,
24932_Lidlfr_promo_2875_14499,Nos promos/Moins cher,200 g au choix,Cookies au chocolat,24932_Lidlfr_promo,1 kg = 2.95 €,24932_Lidlfr_promo_2875,100,<small class="pricecut" style="                color:#e52031;                            background-color:#ffffff;                            border:1px solid #e52031;            "> -14% <em class="priceold" style="                border-left: 2px solid #e52031;            "> 0.69   <small class="specialdesc" style="                background-color: #e52031;            ">18/02 - 24/02  <strong class="price pricebutton" style="                color:#e52031;            "> € 0.59    200 g au choix  1 kg = 2.95 €,9,0.59,14499,7BECE1E8D64BBB4460FDCBAA962D91A3,Cookies au chocolat,C58A1A64FF66C519FE6FC347F7D5C3DF,18/02/2015 13:49:02,€,3B0632E170DC2E8965A5E6575649F1FE,817FA9146E77F93396B5B4A108F58CFA,68,2875,24932_Lidlfr_promo_2875_14499,Lidl.fr_promo,24932_Lidlfr_promo,24932,http://www.Lidl.fr/fr/moins-cher.htm,-14%,18/02 - 24/02,0.69,
24934_Lidlfr_promo_2875_14499,Nos promos/Moins cher,5 x 38 g au choix,Mentos,24934_Lidlfr_promo,1 kg = 7.68 €,24934_Lidlfr_promo_2875,100,<small class="pricecut" style="                color:#e52031;                            background-color:#ffffff;                            border:1px solid #e52031;            "> -30% <em class="priceold" style="                border-left: 2px solid #e52031;            "> 2.09   <small class="specialdesc" style="                background-color: #e52031;            ">18/02 - 24/02  <strong class="price pricebutton" style="                color:#e52031;            "> € 1.46    5 x 38 g au choix  1 kg = 7.68 €,11,1.46,14499,0D2D3D90DB2EAEA362930B63E0E4D106,Mentos,71D7F3837F797319BED73F660946550B,18/02/2015 13:49:02,€,06B36A196C697DEA0FD5FA322ACBED96,208983B70B0FC2F3844880698AF78A6F,68,2875,24934_Lidlfr_promo_2875_14499,Lidl.fr_promo,24934_Lidlfr_promo,24934,http://www.Lidl.fr/fr/moins-cher.htm,-30%,18/02 - 24/02,2.09,
24936_Lidlfr_promo_2875_14499,Nos promos/Moins cher,Soit le lot de 2 x 25 L,Le Chat Sensitive lessive liquide,24936_Lidlfr_promo,1 L = 2.55 €,24936_Lidlfr_promo_2875,100,<small class="pricecut" style="                color:#e52031;                            background-color:#ffffff;                            border:1px solid #e52031;            "> -50% sur le 2ème  <small class="specialdesc" style="                background-color: #e52031;            ">18/02 - 24/02  <strong class="price pricebutton" style="                color:#e52031;            "> € 12.73     Soit le lot de 2 x 25 L  1 L = 2.55 €,13,12.73,14499,C9FE6C447E8DD44984451FE8142381AF,Le Chat Sensitive lessive liquide,CE4A7A7422F838EE610BEC6BB1EEBE44,18/02/2015 13:49:02,€,BFAF9FE3185D00053317EF1037F0D9E0,C0C29D6E2DD3F877B24A575D79081598,68,2875,24936_Lidlfr_promo_2875_14499,Lidl.fr_promo,24936_Lidlfr_promo,24936,http://www.Lidl.fr/fr/moins-cher.htm,-50% sur le 2ème,18/02 - 24/02,,
25159_Lidlfr_promo_2875_14499,Nos promos/Moins cher,480 g,4 saucisses de Toulouse,25159_Lidlfr_promo,1 kg = 4.35 €,25159_Lidlfr_promo_2875,100,<small class="pricecut" style="                color:#e52031;                            background-color:#ffffff;                            border:1px solid #e52031;            "> -21% <em class="priceold" style="                border-left: 2px solid #e52031;            "> 2.65   <small class="specialdesc" style="                background-color: #e52031;            ">25/02 - 03/03  <strong class="price pricebutton" style="                color:#e52031;            "> € 2.09    480 g  1 kg = 4.35 €,14,2.09,14499,E73ECEEA94CB88EC1AD17E96EAB6A903,4 saucisses de Toulouse,5F4CBC989461144AD866F91692041441,18/02/2015 13:49:03,€,23F7ECB3DB9267C8C6E8DCE2D789CE64,73A28B73543C4FE7C22EF24532315015,68,2875,25159_Lidlfr_promo_2875_14499,Lidl.fr_promo,25159_Lidlfr_promo,25159,http://www.Lidl.fr/fr/moins-cher.htm,-21%,25/02 - 03/03,2.65,
25160_Lidlfr_promo_2875_14499,Nos promos/Moins cher,340 g,4 diots de Savoie fumés,25160_Lidlfr_promo,1 kg = 5.85 €,25160_Lidlfr_promo_2875,100,<small class="pricecut" style="                color:#e52031;                            background-color:#ffffff;                            border:1px solid #e52031;            "> -20% <em class="priceold" style="                border-left: 2px solid #e52031;            "> 2.49   <small class="specialdesc" style="                background-color: #e52031;            ">25/02 - 03/03  <strong class="price pricebutton" style="                color:#e52031;            "> € 1.99    340 g  1 kg = 5.85 €,15,1.99,14499,02C2E2B1D347741983E32B870C0B997C,4 diots de Savoie fumés,1DFCACC2CEC5790F997FB17CB532FFB4,18/02/2015 13:49:03,€,0B979C4DC8693A468F497C121E879B53,24D1F9DBB53D751422970F91CAA12DF6,68,2875,25160_Lidlfr_promo_2875_14499,Lidl.fr_promo,25160_Lidlfr_promo,25160,http://www.Lidl.fr/fr/moins-cher.htm,-20%,25/02 - 03/03,2.49,
25162_Lidlfr_promo_2875_14499,Nos promos/Moins cher,225 g,Saucisson sec Label Rouge,25162_Lidlfr_promo,1 kg = 9.73 €,25162_Lidlfr_promo_2875,100,<small class="pricecut" style="                color:#e52031;                            background-color:#ffffff;                            border:1px solid #e52031;            "> -21% <em class="priceold" style="                border-left: 2px solid #e52031;            "> 2.79   <small class="specialdesc" style="                background-color: #e52031;            ">25/02 - 03/03  <strong class="price pricebutton" style="                color:#e52031;            "> € 2.19    225 g  1 kg = 9.73 €,17,2.19,14499,01F8BF5BFBF337AE759977A03444D555,Saucisson sec Label Rouge,67E664FE0C9B07F59406637DAFB16890,18/02/2015 13:49:03,€,6C5DB30EB53ECB67C486BC85162A9A19,53EFC88B91116CC2A1C96CB17DDAC5CF,68,2875,25162_Lidlfr_promo_2875_14499,Lidl.fr_promo,25162_Lidlfr_promo,25162,http://www.Lidl.fr/fr/moins-cher.htm,-21%,25/02 - 03/03,2.79,
25164_Lidlfr_promo_2875_14499,Nos promos/Moins cher,500 g,Feuillantine comtoise,25164_Lidlfr_promo,1 kg = 6.38 €,25164_Lidlfr_promo_2875,100,<small class="pricecut" style="                color:#e52031;                            background-color:#ffffff;                            border:1px solid #e52031;            "> -20% <em class="priceold" style="                border-left: 2px solid #e52031;            "> 3.99   <small class="specialdesc" style="                background-color: #e52031;            ">25/02 - 03/03  <strong class="price pricebutton" style="                color:#e52031;            "> € 3.19    500 g  1 kg = 6.38 €,19,3.19,14499,2EA180BDAA7B303CC171B3C5FCA43ADE,Feuillantine comtoise,EE22E841CAD1605B81EEB3DA211A0069,18/02/2015 13:49:03,€,67EB37EAD7F28E4D9CB0859C56A78914,7B4D37D410B3B267742787492C5CCA46,68,2875,25164_Lidlfr_promo_2875_14499,Lidl.fr_promo,25164_Lidlfr_promo,25164,http://www.Lidl.fr/fr/moins-cher.htm,-20%,25/02 - 03/03,3.99,
25166_Lidlfr_promo_2875_14499,Nos promos/Moins cher,Le kilo,Cantal entre-deux AOP,25166_Lidlfr_promo,,25166_Lidlfr_promo_2875,100,<small class="pricecut" style="                color:#e52031;                            background-color:#ffffff;                            border:1px solid #e52031;            "> -16% sur prix kilo <em class="priceold" style="                border-left: 2px solid #e52031;            "> 8.30   <small class="specialdesc" style="                background-color: #e52031;            ">25/02 - 03/03  <strong class="price pricebutton" style="                color:#e52031;            "> € 6.89    Le kilo,21,6.89,14499,78AAB42961AFD9E3AFFB800BC062D1FE,Cantal entre-deux AOP,A5BFE8B16C42F1E2376C409CBD7DDF10,18/02/2015 13:49:03,€,B1FC22E932F8E801D50715B908A9999E,CEACAF9856F429DADABB36E45A45C7E2,68,2875,25166_Lidlfr_promo_2875_14499,Lidl.fr_promo,25166_Lidlfr_promo,25166,http://www.Lidl.fr/fr/moins-cher.htm,-16% sur prix kilo,25/02 - 03/03,8.30,
25168_Lidlfr_promo_2875_14499,Nos promos/Moins cher,250 g,Madeleines,25168_Lidlfr_promo,1 kg = 5.16 €,25168_Lidlfr_promo_2875,100,<small class="pricecut" style="                color:#e52031;                            background-color:#ffffff;                            border:1px solid #e52031;            "> -18% <em class="priceold" style="                border-left: 2px solid #e52031;            "> 1.59   <small class="specialdesc" style="                background-color: #e52031;            ">25/02 - 03/03  <strong class="price pricebutton" style="                color:#e52031;            "> € 1.29    250 g  1 kg = 5.16 €,23,1.29,14499,F884AE2317855C3BB7C974CD74D79618,Madeleines,0E994BA411DFF8E046D47C321118DDE2,18/02/2015 13:49:03,€,B3187578E63CBF28F452338ABDE15B1A,2EED49993F93259B52FE9AD0F9D0C190,68,2875,25168_Lidlfr_promo_2875_14499,Lidl.fr_promo,25168_Lidlfr_promo,25168,http://www.Lidl.fr/fr/moins-cher.htm,-18%,25/02 - 03/03,1.59,
25171_Lidlfr_promo_2875_14499,Nos promos/Moins cher,75 cl,Côtes du Rhône Domaine AOP,25171_Lidlfr_promo,1 L = 2.65 €,25171_Lidlfr_promo_2875,100,<small class="pricecut" style="                color:#e52031;                            background-color:#ffffff;                            border:1px solid #e52031;            "> Moins cher ! <em class="priceold" style="                border-left: 2px solid #e52031;            "> 2.19   <small class="specialdesc" style="                background-color: #e52031;            ">25/02 - 03/03  <strong class="price pricebutton" style="                color:#e52031;            "> € 1.99    75 cl  1 L = 2.65 €,26,1.99,14499,B24A658FE4040F018ADD9E20411C26BC,Côtes du Rhône Domaine AOP,E6093E051297997781FD9DB452B798E0,18/02/2015 13:49:03,€,006ACBF04E78CDEA98B91A8403FD38E2,3F485403B8671C13C3BF51FEE6E02132,68,2875,25171_Lidlfr_promo_2875_14499,Lidl.fr_promo,25171_Lidlfr_promo,25171,http://www.Lidl.fr/fr/moins-cher.htm,Moins cher !,25/02 - 03/03,2.19,
24918_Lidlfr_promo_2875_14499,Nos promos/Moins cher,10 x 100 g,10 burgers à l'oignon,24918_Lidlfr_promo,,24918_Lidlfr_promo_2875,100,<small class="pricecut" style="                color:#e52031;                            background-color:#ffffff;                            border:1px solid #e52031;            "> -13% <em class="priceold" style="                border-left: 2px solid #e52031;            "> 3.59   <small class="specialdesc" style="                background-color: #e52031;            ">18/02 - 24/02  <strong class="price pricebutton" style="                color:#e52031;            "> € 3.09    10 x 100 g,2,3.09,14499,71EA4498975C19C94D97632A94530547,10 burgers à l'oignon,C14705DA0C817CC6A2F0062AC5FE0310,18/02/2015 13:49:02,€,CB1828E311B7E915FAD2708A653E84D0,F1F8D9E8023B645373B6363E6A6EC18C,68,2875,24918_Lidlfr_promo_2875_14499,Lidl.fr_promo,24918_Lidlfr_promo,24918,http://www.Lidl.fr/fr/moins-cher.htm,-13%,18/02 - 24/02,3.59,
24921_Lidlfr_promo_2875_14499,Nos promos/Moins cher,Le sachet de 1 kg,Epinards en branches,24921_Lidlfr_promo,,24921_Lidlfr_promo_2875,100,<small class="pricecut" style="                color:#e52031;                            background-color:#ffffff;                            border:1px solid #e52031;            "> -19% <em class="priceold" style="                border-left: 2px solid #e52031;            "> 0.98   <small class="specialdesc" style="                background-color: #e52031;            ">18/02 - 24/02  <strong class="price pricebutton" style="                color:#e52031;            "> € 0.79    Le sachet de 1 kg,5,0.79,14499,BB1AFBBC3E2CD82812B11AE361EF1E80,Epinards en branches,CB83095A9D8E003027DA61996F7CE9D1,18/02/2015 13:49:02,€,287969D3AA2112ADCA00E5319F125D28,8EB7BE5A13CC39A3E56B78ABA08B2039,68,2875,24921_Lidlfr_promo_2875_14499,Lidl.fr_promo,24921_Lidlfr_promo,24921,http://www.Lidl.fr/fr/moins-cher.htm,-19%,18/02 - 24/02,0.98,
25043_Lidlfr_promo_2875_14499,Nos promos/Fruits & légumes,Le filet de 500 g,Oignons rouges,25043_Lidlfr_promo,1 kg = 2.98 €,25043_Lidlfr_promo_2875,102,<small class="specialdesc" style="                background-color: #f1830c;            ">18/02 - 21/02  <strong class="price pricebutton" style="                color:#cf6d04;            "> € 1.49    Le filet de 500 g  1 kg = 2.98 €,3,1.49,14499,AF0D27B2AABD25532583F4EC8394FFB3,Oignons rouges,B4D9FAD2E749FE562AE276FB0996F50E,18/02/2015 13:49:10,€,75577AA4BA2478BC76CFB1E9D219040C,E8F4D8F59F34AC30A908AF58D123135A,68,2875,25043_Lidlfr_promo_2875_14499,Lidl.fr_promo,25043_Lidlfr_promo,25043,http://www.Lidl.fr/fr/fruits-legumes.htm,,18/02 - 21/02,,
25047_Lidlfr_promo_2875_14499,Nos promos/Fruits & légumes,Le filet de 25 kg,Pommes de terre rouges,25047_Lidlfr_promo,1 kg = 0.40 €,25047_Lidlfr_promo_2875,102,<small class="specialdesc" style="                background-color: #f1830c;            ">18/02 - 21/02  <strong class="price pricebutton" style="                color:#cf6d04;            "> € 0.99    Le filet de 25 kg  1 kg = 0.40 €,5,0.99,14499,DCC459F5A1FCA514DA0FE164AC745002,Pommes de terre rouges,FD7D25D2CB8FD3A248ABAC9BC7C81824,18/02/2015 13:49:11,€,6B4D103F86EDF4A762E8D08ABD7687C3,4DAAB94B22B63A9E47C1762083A4C9E0,68,2875,25047_Lidlfr_promo_2875_14499,Lidl.fr_promo,25047_Lidlfr_promo,25047,http://www.Lidl.fr/fr/fruits-legumes.htm,,18/02 - 21/02,,
24981_Lidlfr_promo_2875_14499,Nos promos/Bonnes affaires,L'unité au choix,Cadenas,24981_Lidlfr_promo,,24981_Lidlfr_promo_2875,104,<small class="specialdesc" style="                background-color: #1f4fb8;            ">19/02 - 19/02  <strong class="price pricebutton" style="                color:#1f4fb8;            "> € 4.99    L'unité au choix,1,4.99,14499,9AA6F34CDC4C32F13BF251DAB6F54F3C,Cadenas,299528896D2D2EB8D461D8C7AFD3457B,18/02/2015 13:49:17,€,56B9E11AB01D02E8D74C447C88B1794E,9ADBAADF095C8DE0D2D0B53FE92A5DBB,68,2875,24981_Lidlfr_promo_2875_14499,Lidl.fr_promo,24981_Lidlfr_promo,24981,http://www.Lidl.fr/fr/bonnes-affaires.htm,,19/02 - 19/02,,
24990_Lidlfr_promo_2875_14499,Nos promos/Bonnes affaires,L'unité au choix,Jeu de construction,24990_Lidlfr_promo,,24990_Lidlfr_promo_2875,104,<small class="specialdesc" style="                background-color: #1f4fb8;            ">19/02 - 19/02  <strong class="price pricebutton" style="                color:#1f4fb8;            "> € 7.99    L'unité au choix,2,7.99,14499,236F73BB129F25B0CB70223223B12BA5,Jeu de construction,84AC2E987CDA613A320377ED1E8A229A,18/02/2015 13:49:18,€,55D114F1011B9251C1FDB5EF04448355,D2B6D861D66FA14BB7CF8C6112D13E0D,68,2875,24990_Lidlfr_promo_2875_14499,Lidl.fr_promo,24990_Lidlfr_promo,24990,http://www.Lidl.fr/fr/bonnes-affaires.htm,,19/02 - 19/02,,
25036_Lidlfr_promo_2875_14499,Nos promos/Super samedi,75 cl,Zinfandel Vin de Californie rosé,25036_Lidlfr_promo,1 L = 1.72 €,25036_Lidlfr_promo_2875,101,<small class="pricecut" style="                color:#e52031;                            background-color:#ffffff;                            border:1px solid #e52031;            "> -50% <em class="priceold" style="                border-left: 2px solid #e52031;            "> 2.59   <small class="specialdesc" style="                background-color: #e52031;            ">21/02 - 21/02  <strong class="price pricebutton" style="                color:#e52031;            "> € 1.29    75 cl  1 L = 1.72 €,1,1.29,14499,9CAA62442A7CC7965124772DA6F2296B,Zinfandel Vin de Californie rosé,5CA30AED0F0550E68D1C26E9D5749B13,18/02/2015 13:49:06,€,06DF400021DF221E6DB2EF6D251DD8F1,DA383B7F4FB8B92BB70373274BFA6879,68,2875,25036_Lidlfr_promo_2875_14499,Lidl.fr_promo,25036_Lidlfr_promo,25036,http://www.Lidl.fr/fr/super-samedi.htm,-50%,21/02 - 21/02,2.59,
24992_Lidlfr_promo_2875_14499,Nos promos/Bonnes affaires,L'unité au choix,Voiture télécommandée,24992_Lidlfr_promo,,24992_Lidlfr_promo_2875,104,<small class="specialdesc" style="                background-color: #1f4fb8;            ">19/02 - 19/02  <strong class="price pricebutton" style="                color:#1f4fb8;            "> € 17.99 *   L'unité au choix,4,17.99,14499,88E3BDC448188C614B760E75C86BCFE3,Voiture télécommandée,E9A8AF5B4DDAB913878CEC7021A1A6D3,18/02/2015 13:49:18,€,2A519FE686AEC5B5C15A0483FA279566,E809EFCDEDFD3421D6AF8AA39F754F7B,68,2875,24992_Lidlfr_promo_2875_14499,Lidl.fr_promo,24992_Lidlfr_promo,24992,http://www.Lidl.fr/fr/bonnes-affaires.htm,,19/02 - 19/02,,
25041_Lidlfr_promo_2875_14499,Nos promos/Fruits & légumes,Le filet de 1 kg,Tomates,25041_Lidlfr_promo,,25041_Lidlfr_promo_2875,102,<small class="specialdesc" style="                background-color: #f1830c;            ">18/02 - 21/02  <strong class="price pricebutton" style="                color:#cf6d04;            "> € 0.99    Le filet de 1 kg,1,0.99,14499,B3C5ED276F9D7F1493AB2E77658B92B8,Tomates,EBEE8FE0E903E4DB1705071BC285AEE2,18/02/2015 13:49:10,€,4CF665B32574B8290532F192643B8385,F0B77BE6BB9550347D8763F2518CB312,68,2875,25041_Lidlfr_promo_2875_14499,Lidl.fr_promo,25041_Lidlfr_promo,25041,http://www.Lidl.fr/fr/fruits-legumes.htm,,18/02 - 21/02,,
24974_Lidlfr_promo_2875_14499,Nos promos/Plantes & fleurs,La barquette de 10 plans,Primevère acaulis,24974_Lidlfr_promo,Le 18/02,24974_Lidlfr_promo_2875,103,<strong class="price pricebutton" style="                color:#f05660;            "> € 2.49  La barquette de 10 plans  Le 18/02,2,2.49,14499,803217FCA54B74A204BD3902B3C021BF,Primevère acaulis,242AFF69DFA777438748016C588C62B5,18/02/2015 13:49:14,€,41C41D746C11C6FFD26C8A04A989C1C6,F138E593207A9B63CE9A539AA94337BC,68,2875,24974_Lidlfr_promo_2875_14499,Lidl.fr_promo,24974_Lidlfr_promo,24974,http://www.Lidl.fr/fr/plantes-fleurs.htm,,,,
24762_Lidlfr_promo_1057_14499,Nos offres/Lundi 16/02|Auto/Moto/Lundi 16/02,L'unité,Cagoule moto,24762_Lidlfr_promo,,24762_Lidlfr_promo_1057,107,<strong class="price pricebutton" style="                color:#f17230;            "> € 4.99  L'unité,7,4.99,14499,551105CE5828048CAC5EA8A486AAE3C8,Cagoule moto,81C20A2E21D502CF10A815174D55EED4,18/02/2015 13:49:34,€,8B2FEFFEFA180DF95BB1E0B98C583DAC,DCE4D150D598F12D9B87A16283857712,73,1057,24762_Lidlfr_promo_1057_14499,Lidl.fr_promo,24762_Lidlfr_promo,24762,http://www.Lidl.fr/fr/offres-513.htm?id=589,,,,
24764_Lidlfr_promo_1057_14499,Nos offres/Lundi 16/02|Auto/Moto/Lundi 16/02,L'unité,Ceinture lombaire,24764_Lidlfr_promo,,24764_Lidlfr_promo_1057,107,<strong class="price pricebutton" style="                color:#f17230;            "> € 4.99  L'unité,9,4.99,14499,DFEEA130B2B3DCA1D4D52EF9F2D4D9E3,Ceinture lombaire,50EB01663ECF1168FF2C9C2A30C9A9DF,18/02/2015 13:49:34,€,9C01B314D7FE08C5E40785A284AE6EEF,44B8B1B5C2C259DF31D9D9B0F53BE68B,73,1057,24764_Lidlfr_promo_1057_14499,Lidl.fr_promo,24764_Lidlfr_promo,24764,http://www.Lidl.fr/fr/offres-513.htm?id=589,,,,
24766_Lidlfr_promo_1057_14499,Nos offres/Lundi 16/02|Auto/Moto/Lundi 16/02,La paire au choix,Chaussettes de moto,24766_Lidlfr_promo,,24766_Lidlfr_promo_1057,107,<strong class="price pricebutton" style="                color:#f17230;            "> € 2.99  La paire au choix,11,2.99,14499,A2818279F29CBA4AF8201613E3A799C2,Chaussettes de moto,C03EAE6AA87596D966BE643B5B9CD230,18/02/2015 13:49:34,€,04C39F5EE306A0A92720B5A2FE2538D3,4527D8D0B1692F0BFD2480464BB20457,73,1057,24766_Lidlfr_promo_1057_14499,Lidl.fr_promo,24766_Lidlfr_promo,24766,http://www.Lidl.fr/fr/offres-513.htm?id=589,,,,
24869_Lidlfr_promo_1057_14499,Nos offres/Mercredi 18/02|USA/Mercredi 18/02,480/490/500 ml au choix,Sauce,24869_Lidlfr_promo,1 L = 3.10 €,24869_Lidlfr_promo_1057,108,<strong class="price pricebutton" style="                color:#d83b30;            "> € 1.49  480/490/500 ml au choix  1 L = 3.10 €,4,1.49,14499,287B805F7C2564A1070061BB00695E79,Sauce,62D6A668ED8E2D53D6EA166E1BF8B91E,18/02/2015 13:49:41,€,B7C00235EDF1E1C13561E5D07D835EA7,CEC819FA603E0B3F17E6AEAF4A6E6890,73,1057,24869_Lidlfr_promo_1057_14499,Lidl.fr_promo,24869_Lidlfr_promo,24869,http://www.Lidl.fr/fr/offres-513.htm?id=591,,,,
24870_Lidlfr_promo_1057_14499,Nos offres/Mercredi 18/02|USA/Mercredi 18/02,400 g (PNE),Cornichons tranchés,24870_Lidlfr_promo,1 kg = 3.73 €,24870_Lidlfr_promo_1057,108,<strong class="price pricebutton" style="                color:#d83b30;            "> € 1.49  400 g (PNE)  1 kg = 3.73 €,5,1.49,14499,FCF74CCD0088FF5C7A1AD530C219490E,Cornichons tranchés,9F25B92E0085B563B47343718E3A0E96,18/02/2015 13:49:41,€,3EEFC4A125164288C01144C98B9044EA,8AC8AB5790BE587836C18B1E2184BAC0,73,1057,24870_Lidlfr_promo_1057_14499,Lidl.fr_promo,24870_Lidlfr_promo,24870,http://www.Lidl.fr/fr/offres-513.htm?id=591,,,,
24757_Lidlfr_promo_1057_14499,Nos offres/Lundi 16/02|Auto/Moto/Lundi 16/02,L'unité au choix,Maillot technique de moto homme,24757_Lidlfr_promo,,24757_Lidlfr_promo_1057,107,<strong class="price pricebutton" style="                color:#f17230;            "> € 14.99  L'unité au choix,3,14.99,14499,1B145E2EBDCB136FC00500E3C1174F8C,Maillot technique de moto homme,9EA910DF8F2F4D8F303C2735153789FC,18/02/2015 13:49:33,€,AE51EEE5FD0DA4EE91FF82180D9A61CF,8A4698917FE654CFB25A8BE97C24B4B3,73,1057,24757_Lidlfr_promo_1057_14499,Lidl.fr_promo,24757_Lidlfr_promo,24757,http://www.Lidl.fr/fr/offres-513.htm?id=589,,,,
24760_Lidlfr_promo_1057_14499,Nos offres/Lundi 16/02|Auto/Moto/Lundi 16/02,La paire,Gants de moto,24760_Lidlfr_promo,,24760_Lidlfr_promo_1057,107,<strong class="price pricebutton" style="                color:#f17230;            "> € 19.99  La paire,5,19.99,14499,72D518DF3D9FF3C968C86B14D54558D0,Gants de moto,0E5D7FB694086DA5D255456BB927749F,18/02/2015 13:49:33,€,E2DEA79F1A4A5A967F80CE9C35DB6EC2,6B41F17ABD11BBC46176560B301A4E24,73,1057,24760_Lidlfr_promo_1057_14499,Lidl.fr_promo,24760_Lidlfr_promo,24760,http://www.Lidl.fr/fr/offres-513.htm?id=589,,,,
24872_Lidlfr_promo_1057_14499,Nos offres/Mercredi 18/02|USA/Mercredi 18/02,500 g au choix,Spare ribs (travers de porc),24872_Lidlfr_promo,1 kg = 6.98 €,24872_Lidlfr_promo_1057,108,<strong class="price pricebutton" style="                color:#d83b30;            "> € 3.49  500 g au choix  1 kg = 6.98 €,7,3.49,14499,A11AFA0709EF52CB0023DF67674C7578,Spare ribs (travers de porc),52F2F22303F0D1C0C6EC5C8AC3E8E448,18/02/2015 13:49:42,€,B9D3A6F593542409BEFF969F544F4051,B6E61F3A46000AF53590F293DCF35C20,73,1057,24872_Lidlfr_promo_1057_14499,Lidl.fr_promo,24872_Lidlfr_promo,24872,http://www.Lidl.fr/fr/offres-513.htm?id=591,,,,
24793_Lidlfr_promo_1057_14499,Nos offres/Lundi 16/02|Mode enfant/Lundi 16/02,Le lot au choix,2 tee-shirts manches longues fille ou garçon,24793_Lidlfr_promo,,24793_Lidlfr_promo_1057,106,<strong class="price pricebutton" style="                color:#ee73aa;            "> € 3.49  Le lot au choix,5,3.49,14499,FB812EBB66A20A4E8EF413A165C3593A,2 tee-shirts manches longues fille ou garçon,FFC2A2CC0686FEB5B22C23E19B6C84AD,18/02/2015 13:49:29,€,3B5A8D7D4F7933907C1FDF9E8EE10F46,FDB2B215ACA454782C69BC1EE9A85D81,73,1057,24793_Lidlfr_promo_1057_14499,Lidl.fr_promo,24793_Lidlfr_promo,24793,http://www.Lidl.fr/fr/offres-513.htm?id=588,,,,
24867_Lidlfr_promo_1057_14499,Nos offres/Mercredi 18/02|USA/Mercredi 18/02,200 g,Chips goût barbecue,24867_Lidlfr_promo,1 kg = 4.95 €,24867_Lidlfr_promo_1057,108,<strong class="price pricebutton" style="                color:#d83b30;            "> € 0.99  200 g  1 kg = 4.95 €,2,0.99,14499,324158FC1BEF0BE782A8BD32B13CEDB7,Chips goût barbecue,26E298AF702D94874BE703A629B099C8,18/02/2015 13:49:40,€,4A943A15BA3551B0B5394D21EFA900D3,CBEC56EA8D7B1D9787F7C1297488C798,73,1057,24867_Lidlfr_promo_1057_14499,Lidl.fr_promo,24867_Lidlfr_promo,24867,http://www.Lidl.fr/fr/offres-513.htm?id=591,,,,
24755_Lidlfr_promo_1057_14499,Nos offres/Lundi 16/02|Auto/Moto/Lundi 16/02,L'unité au choix,Etui pour GPS ou manchons scooter,24755_Lidlfr_promo,,24755_Lidlfr_promo_1057,107,<strong class="price pricebutton" style="                color:#f17230;            "> € 9.99  L'unité au choix,1,9.99,14499,757DEF678AE091C9EC98E9F75972B931,Etui pour GPS ou manchons scooter,F83BDFB06AFF6A0336CB94D4E2198BA3,18/02/2015 13:49:32,€,138561484C515D0F678ACF4D14E114CF,96BC82D11851FAD841C56BAC26D777A6,73,1057,24755_Lidlfr_promo_1057_14499,Lidl.fr_promo,24755_Lidlfr_promo,24755,http://www.Lidl.fr/fr/offres-513.htm?id=589,,,,
24768_Lidlfr_promo_1057_14499,Nos offres/Lundi 16/02|Auto/Moto/Lundi 16/02,L'unité,Galerie porte-bagages en aluminium,24768_Lidlfr_promo,,24768_Lidlfr_promo_1057,107,<strong class="price pricebutton" style="                color:#f17230;            "> € 34.99  L'unité,13,34.99,14499,11FA63F75DCEF42480C4D81334E39F12,Galerie porte-bagages en aluminium,268B9107356DF9169281C9CF108627E4,18/02/2015 13:49:35,€,0CCDE37D0AD01EA75B976D83F9270233,B073CE3B662C38AB02C8FD02CE384A44,73,1057,24768_Lidlfr_promo_1057_14499,Lidl.fr_promo,24768_Lidlfr_promo,24768,http://www.Lidl.fr/fr/offres-513.htm?id=589,,,,
24791_Lidlfr_promo_1057_14499,Nos offres/Lundi 16/02|Mode enfant/Lundi 16/02,L'unité au choix,Veste imperméable fille,24791_Lidlfr_promo,,24791_Lidlfr_promo_1057,106,<strong class="price pricebutton" style="                color:#ee73aa;            "> € 9.99  L'unité au choix,3,9.99,14499,A3174B0429A75D7D038971C8AB266A12,Veste imperméable fille,962804E4D24BB76CCE646430D7CF7E41,18/02/2015 13:49:28,€,0FB296289A194E8CFF503ACF4ACE91D0,2933FEB99140863146F78CA650897C2F,73,1057,24791_Lidlfr_promo_1057_14499,Lidl.fr_promo,24791_Lidlfr_promo,24791,http://www.Lidl.fr/fr/offres-513.htm?id=588,,,,
24874_Lidlfr_promo_1057_14499,Nos offres/Mercredi 18/02|USA/Mercredi 18/02,420/438/450 g au choix,Crème glacée,24874_Lidlfr_promo,1 kg = 6.40 €,24874_Lidlfr_promo_1057,108,<strong class="price pricebutton" style="                color:#d83b30;            "> € 2.69  420/438/450 g au choix  1 kg = 6.40 €,11,2.69,14499,25F31E71CA324FAAB35CDF368E58A90F,Crème glacée,0C0AD6F9EF5B0B5E80E26A0E15E35330,18/02/2015 13:49:43,€,4ED17648921EFCD0E373AC89EEF23DDC,AA08CAA980FEA246EBCFF950B4EAE2E7,73,1057,24874_Lidlfr_promo_1057_14499,Lidl.fr_promo,24874_Lidlfr_promo,24874,http://www.Lidl.fr/fr/offres-513.htm?id=591,,,,
24876_Lidlfr_promo_1057_14499,Nos offres/Mercredi 18/02|USA/Mercredi 18/02,200 g,Préparation pour pancakes,24876_Lidlfr_promo,1 kg = 6.45 €,24876_Lidlfr_promo_1057,108,<strong class="price pricebutton" style="                color:#d83b30;            "> € 1.29  200 g  1 kg = 6.45 €,12,1.29,14499,15760803F05A86F2F782709737225DAD,Préparation pour pancakes,DC29428E27AFD20AA6BC11E0720CEDDF,18/02/2015 13:49:43,€,7A2C8B70B3EC8D7F5F07400CDFB23F87,E04F87E54CA47E7AAC0FDE5F55A2B928,73,1057,24876_Lidlfr_promo_1057_14499,Lidl.fr_promo,24876_Lidlfr_promo,24876,http://www.Lidl.fr/fr/offres-513.htm?id=591,,,,
24878_Lidlfr_promo_1057_14499,Nos offres/Mercredi 18/02|USA/Mercredi 18/02,300 g,6 pancakes,24878_Lidlfr_promo,1 kg = 5.30 €,24878_Lidlfr_promo_1057,108,<strong class="price pricebutton" style="                color:#d83b30;            "> € 1.59  300 g  1 kg = 5.30 €,14,1.59,14499,39A227E823C6C016913580FDF977E3C8,6 pancakes,AAE76A291B80DA4E27E2D6879525498F,18/02/2015 13:49:43,€,9D9DBFE828EFB660E6B06AC35BEDF6DE,519FAB1C21E011CB83230C17046B5CF2,73,1057,24878_Lidlfr_promo_1057_14499,Lidl.fr_promo,24878_Lidlfr_promo,24878,http://www.Lidl.fr/fr/offres-513.htm?id=591,,,,
24832_Lidlfr_promo_1057_14499,Nos offres/Jeudi 19/02|Douce nuit/Jeudi 19/02,La parure au choix,Parure de lit en coton renforcé,24832_Lidlfr_promo,,24832_Lidlfr_promo_1057,109,<strong class="price pricebutton" style="                color:#a65c9b;            "> à partir de  € 11.99  La parure au choix,1,11.99,14499,732CD9DCF1D6AC835A83301146A14E2A,Parure de lit en coton renforcé,4399704317314BFB6DA8C3DC316491C1,18/02/2015 13:49:48,€,2E68400EA5A5E22C3A33EDFA4ECD29AD,659F7811510C2A2B265A09A56095C702,73,1057,24832_Lidlfr_promo_1057_14499,Lidl.fr_promo,24832_Lidlfr_promo,24832,http://www.Lidl.fr/fr/offres-513.htm?id=590,,,,
24836_Lidlfr_promo_1057_14499,Nos offres/Jeudi 19/02|Douce nuit/Jeudi 19/02,L'unité,Coussin en microfibre,24836_Lidlfr_promo,,24836_Lidlfr_promo_1057,109,<strong class="price pricebutton" style="                color:#a65c9b;            "> € 8.99  L'unité,2,8.99,14499,201F70778F5BC24C0BE89A76D83D7E77,Coussin en microfibre,7C5CFB62649017BFEA6507E5AEC78206,18/02/2015 13:49:48,€,9637A7546523B83ACFEEADFA6B8D7A96,BD44F20EE6AC130433C642094CECD336,73,1057,24836_Lidlfr_promo_1057_14499,Lidl.fr_promo,24836_Lidlfr_promo,24836,http://www.Lidl.fr/fr/offres-513.htm?id=590,,,,
24946_Lidlfr_promo_1057_14499,Nos offres/Jeudi 19/02|Maison/Jeudi 19/02,Le lot au choix,4 boutons de meuble,24946_Lidlfr_promo,,24946_Lidlfr_promo_1057,110,<strong class="price pricebutton" style="                color:#f3846a;            "> € 3.99*  Le lot au choix,3,3.99,14499,5BF96FE7A5AEF8C93763054BD75CEEA3,4 boutons de meuble,DF595518E21F1F4C6B28EDCB5EB56BC9,18/02/2015 13:49:54,€,5C07F4CB3DB8733FFAFE9EA0FB480466,52AC89F6FD092A77578033A1B21594FF,73,1057,24946_Lidlfr_promo_1057_14499,Lidl.fr_promo,24946_Lidlfr_promo,24946,http://www.Lidl.fr/fr/offres-513.htm?id=592,,,,
24948_Lidlfr_promo_1057_14499,Nos offres/Jeudi 19/02|Maison/Jeudi 19/02,Le lot ou l'unité au choix,Accessoire(s) de décoration,24948_Lidlfr_promo,,24948_Lidlfr_promo_1057,110,<strong class="price pricebutton" style="                color:#f3846a;            "> € 2.99  Le lot ou l'unité au choix,6,2.99,14499,EFCC13E7D52FA89A702DD787F5A7D3BB,Accessoire(s) de décoration,3DEE70CE84EC48AC8BE58DA5A228565D,18/02/2015 13:49:55,€,EFE83D873FFB2136544B23325D979017,4579B0511A0E6319628FFC17CC6B3998,73,1057,24948_Lidlfr_promo_1057_14499,Lidl.fr_promo,24948_Lidlfr_promo,24948,http://www.Lidl.fr/fr/offres-513.htm?id=592,,,,
24861_Lidlfr_promo_1057_14499,Nos offres/Jeudi 19/02|Douce nuit/Jeudi 19/02,L'unité au choix,Lampe halogène à pince,24861_Lidlfr_promo,,24861_Lidlfr_promo_1057,109,<strong class="price pricebutton" style="                color:#a65c9b;            "> € 5.99  L'unité au choix,9,5.99,14499,56CEC8B7309F8D033E5153557413A3C8,Lampe halogène à pince,0B88399FF2FD4FC87B2F526F5AD56839,18/02/2015 13:49:50,€,A0A405C01C1B7C2A7B2CECC8B8E8117C,4EE81D87959972EC4F7D90FAE46639F5,73,1057,24861_Lidlfr_promo_1057_14499,Lidl.fr_promo,24861_Lidlfr_promo,24861,http://www.Lidl.fr/fr/offres-513.htm?id=590,,,,
24863_Lidlfr_promo_1057_14499,Nos offres/Jeudi 19/02|Douce nuit/Jeudi 19/02,La paire au choix,Lunettes pliables avec étui,24863_Lidlfr_promo,,24863_Lidlfr_promo_1057,109,<strong class="price pricebutton" style="                color:#a65c9b;            "> € 3.49  La paire au choix,10,3.49,14499,FC73D134E638DFB2A01F4E2D4B1FCD4D,Lunettes pliables avec étui,30E705C27A57F87927C7E82C932D3538,18/02/2015 13:49:50,€,07090C6804D699CBD2186383525D569E,66A733FEBE222A5F3AE377F413C19305,73,1057,24863_Lidlfr_promo_1057_14499,Lidl.fr_promo,24863_Lidlfr_promo,24863,http://www.Lidl.fr/fr/offres-513.htm?id=590,,,,
24845_Lidlfr_promo_1057_14499,Nos offres/Jeudi 19/02|Douce nuit/Jeudi 19/02,L'unité au choix,Drap-housse en jersey,24845_Lidlfr_promo,,24845_Lidlfr_promo_1057,109,<strong class="price pricebutton" style="                color:#a65c9b;            "> à partir de  € 5.99  L'unité au choix,5,5.99,14499,757D15BF82CD331E8B8EC09F47FEE82E,Drap-housse en jersey,79F2B08D9A9909C61B55BA8E8FF23D0A,18/02/2015 13:49:49,€,88493BF40CC45683022A6E697F0CA7F5,FB8AF9B1003EAAF5C36F2F065DA4FCA0,73,1057,24845_Lidlfr_promo_1057_14499,Lidl.fr_promo,24845_Lidlfr_promo,24845,http://www.Lidl.fr/fr/offres-513.htm?id=590,,,,
24847_Lidlfr_promo_1057_14499,Nos offres/Jeudi 19/02|Douce nuit/Jeudi 19/02,L'ensemble au choix,Pyjama homme,24847_Lidlfr_promo,,24847_Lidlfr_promo_1057,109,<strong class="price pricebutton" style="                color:#a65c9b;            "> € 9.99  L'ensemble au choix,7,9.99,14499,1D339B0311A10653DCFE4B3DBB6A4F24,Pyjama homme,77F410E6A4DF867AC58F615489B1CAA9,18/02/2015 13:49:49,€,49AC52AFCA857C9214991731FC94E7AD,0743832AD29F3A3EE0F01243AABBC3B8,73,1057,24847_Lidlfr_promo_1057_14499,Lidl.fr_promo,24847_Lidlfr_promo,24847,http://www.Lidl.fr/fr/offres-513.htm?id=590,,,,
24881_Lidlfr_promo_1057_14499,Nos offres/Mercredi 18/02|USA/Mercredi 18/02,454 g au choix,Beurre de cacahuète,24881_Lidlfr_promo,1 kg = 5.70 €,24881_Lidlfr_promo_1057,108,<strong class="price pricebutton" style="                color:#d83b30;            "> € 2.59  454 g au choix  1 kg = 5.70 €,17,2.59,14499,1C699B1B2FB3F45D26D8AA3D1B68C578,Beurre de cacahuète,5D1D5D374337C1F833EE00E4B6DF17D1,18/02/2015 13:49:44,€,DFFC79304CA052ED1E7A293196A62AAC,D0A194DC29EE00D2F22EF573F2D7097F,73,1057,24881_Lidlfr_promo_1057_14499,Lidl.fr_promo,24881_Lidlfr_promo,24881,http://www.Lidl.fr/fr/offres-513.htm?id=591,,,,
24953_Lidlfr_promo_1057_14499,Nos offres/Jeudi 19/02|Maison/Jeudi 19/02,Le lot au choix,2 sets de table,24953_Lidlfr_promo,,24953_Lidlfr_promo_1057,110,<strong class="price pricebutton" style="                color:#f3846a;            "> € 2.99  Le lot au choix,11,2.99,14499,C187C295D50FEE21F9F053E69D7C9FEB,2 sets de table,F4AEEAC80C32D685A5509E3EDC9AB265,18/02/2015 13:49:56,€,1E80A665A2410B0322B53C397E50E4BD,ABC8818C03E3574658E1A5DD95D2FF8D,73,1057,24953_Lidlfr_promo_1057_14499,Lidl.fr_promo,24953_Lidlfr_promo,24953,http://www.Lidl.fr/fr/offres-513.htm?id=592,,,,
24944_Lidlfr_promo_1057_14499,Nos offres/Jeudi 19/02|Maison/Jeudi 19/02,L'unité au choix,Mini commode,24944_Lidlfr_promo,,24944_Lidlfr_promo_1057,110,<strong class="price pricebutton" style="                color:#f3846a;            "> € 14.99*  L'unité au choix,1,14.99,14499,521BD149204CCDCD154698B806C7DE8C,Mini commode,232209BA4947D00DC391BDFBD618114C,18/02/2015 13:49:54,€,CB9E1714319EA7D327E62B7FBD1113AC,4EA59864816087BB60D6E5680C047A5E,73,1057,24944_Lidlfr_promo_1057_14499,Lidl.fr_promo,24944_Lidlfr_promo,24944,http://www.Lidl.fr/fr/offres-513.htm?id=592,,,,
24951_Lidlfr_promo_1057_14499,Nos offres/Jeudi 19/02|Maison/Jeudi 19/02,L'unité au choix,Coussin,24951_Lidlfr_promo,,24951_Lidlfr_promo_1057,110,<strong class="price pricebutton" style="                color:#f3846a;            "> € 4.99  L'unité au choix,9,4.99,14499,D7B65F415935B4C6E8FC46C1D513C9AF,Coussin,57404EB8103390F06B0B4B9B5772C1AB,18/02/2015 13:49:56,€,65F619A04036F35967AF80C5679D1D7F,493733B1EA397D196293BBF12B839A4F,73,1057,24951_Lidlfr_promo_1057_14499,Lidl.fr_promo,24951_Lidlfr_promo,24951,http://www.Lidl.fr/fr/offres-513.htm?id=592,,,,
25107_Lidlfr_promo_1057_14499,Nos offres/Mercredi 25/02|Savoie/Mercredi 25/02,2 x 125 g,Yaourt de Savoie à la praline rose,25107_Lidlfr_promo,1 kg = 5.56 €,25107_Lidlfr_promo_1057,112,<strong class="price pricebutton" style="                color:#007d9b;            "> € 1.39  2 x 125 g  1 kg = 5.56 €,14,1.39,14499,9B09C5650BA851831C3B000DACD78E72,Yaourt de Savoie à la praline rose,65FDD6478B42E5A746B0D9B13A31CAA2,18/02/2015 13:50:08,€,8892204106E6371A87026E3CC023603B,B76226C0B9542B5FA7C4FF56FF755802,73,1057,25107_Lidlfr_promo_1057_14499,Lidl.fr_promo,25107_Lidlfr_promo,25107,http://www.Lidl.fr/fr/offres-513.htm?id=596,,,,
25109_Lidlfr_promo_1057_14499,Nos offres/Mercredi 25/02|Savoie/Mercredi 25/02,70 cl,Absinthe,25109_Lidlfr_promo,1 L = 24.27 €,25109_Lidlfr_promo_1057,112,<strong class="price pricebutton" style="                color:#007d9b;            "> € 16.99  70 cl  1 L = 24.27 €,16,16.99,14499,9D9039724E8B326C6874301408B99744,Absinthe,71DD11BDD284C9FC643113EE65998C96,18/02/2015 13:50:09,€,B26B602294D608FFD6535E17D8F293A0,B759459D85D5C74EBD26499BBDB165E1,73,1057,25109_Lidlfr_promo_1057_14499,Lidl.fr_promo,25109_Lidlfr_promo,25109,http://www.Lidl.fr/fr/offres-513.htm?id=596,,,,
25110_Lidlfr_promo_1057_14499,Nos offres/Mercredi 25/02|Savoie/Mercredi 25/02,70 cl,Génépi des Alpes,25110_Lidlfr_promo,1 L = 17.13 €,25110_Lidlfr_promo_1057,112,<strong class="price pricebutton" style="                color:#007d9b;            "> € 11.99  70 cl  1 L = 17.13 €,17,11.99,14499,9441EA925ECE7DD9CC0B79AC23339D56,Génépi des Alpes,76CC34469BAC52920A2EE66C03502436,18/02/2015 13:50:09,€,7386E45C77AFACA81422E0ACE2A909BA,C14D241ACBC5861CFB8BD95CF2535812,73,1057,25110_Lidlfr_promo_1057_14499,Lidl.fr_promo,25110_Lidlfr_promo,25110,http://www.Lidl.fr/fr/offres-513.htm?id=596,,,,
25099_Lidlfr_promo_1057_14499,Nos offres/Mercredi 25/02|Savoie/Mercredi 25/02,300 g,Tartiflette au reblochon de Savoie AOP Label Rouge,25099_Lidlfr_promo,1 kg = 9.97 €,25099_Lidlfr_promo_1057,112,<strong class="price pricebutton" style="                color:#007d9b;            "> € 2.99  300 g  1 kg = 9.97 €,6,2.99,14499,4DFD030781C51DAC5AEF911752EA0AA9,Tartiflette au reblochon de Savoie AOP Label Rouge,B4D7A8AA7CC6D0339E5E36549B697477,18/02/2015 13:50:06,€,3143B6C45D1508D3173744AA1B6D1BF9,BC4647BDDD46EE572310781A51030572,73,1057,25099_Lidlfr_promo_1057_14499,Lidl.fr_promo,25099_Lidlfr_promo,25099,http://www.Lidl.fr/fr/offres-513.htm?id=596,,,,
25101_Lidlfr_promo_1057_14499,Nos offres/Mercredi 25/02|Savoie/Mercredi 25/02,350 g,Tarte flambée recette raclette,25101_Lidlfr_promo,1 kg = 7.11 €,25101_Lidlfr_promo_1057,112,<strong class="price pricebutton" style="                color:#007d9b;            "> € 2.49  350 g  1 kg = 7.11 €,8,2.49,14499,0D390C4900814707391215D4A5E60BF6,Tarte flambée recette raclette,96C660A00FBFBDA31321D51305A4E734,18/02/2015 13:50:07,€,322D16FBD065628B4B2B2535508C18FE,940222ADE2401C27CF112992065C8877,73,1057,25101_Lidlfr_promo_1057_14499,Lidl.fr_promo,25101_Lidlfr_promo,25101,http://www.Lidl.fr/fr/offres-513.htm?id=596,,,,
25097_Lidlfr_promo_1057_14499,Nos offres/Mercredi 25/02|Savoie/Mercredi 25/02,600 g,Crozets au beaufort AOP et mini diots,25097_Lidlfr_promo,1 kg = 8.82 €,25097_Lidlfr_promo_1057,112,<strong class="price pricebutton" style="                color:#007d9b;            "> € 5.29  600 g  1 kg = 8.82 €,3,5.29,14499,78F449D8B9B640AF4D540CA3393F7E3C,Crozets au beaufort AOP et mini diots,8DE74D18954447AB6716235968F91CFC,18/02/2015 13:50:06,€,E2241662E59AB9F350965F2EEE7EDD72,233E90F3F8794E85BC244BE259A99724,73,1057,25097_Lidlfr_promo_1057_14499,Lidl.fr_promo,25097_Lidlfr_promo,25097,http://www.Lidl.fr/fr/offres-513.htm?id=596,,,,
25112_Lidlfr_promo_1057_14499,Nos offres/Mercredi 25/02|Savoie/Mercredi 25/02,600 g,Gratin savoyard au beaufort AOP et mini diots,25112_Lidlfr_promo,1 kg = 8.32 €,25112_Lidlfr_promo_1057,112,<strong class="price pricebutton" style="                color:#007d9b;            "> € 4.99  600 g  1 kg = 8.32 €,4,4.99,14499,50AE4B3AE29D36F38E2566DE5BC15CA3,Gratin savoyard au beaufort AOP et mini diots,22956BDEEC3C87B70A6DB00FD90B5668,18/02/2015 13:50:06,€,582F5CF254072DC7D9F1E5419A24BAFE,F02E21C27440AEF2E5C495CE615279E3,73,1057,25112_Lidlfr_promo_1057_14499,Lidl.fr_promo,25112_Lidlfr_promo,25112,http://www.Lidl.fr/fr/offres-513.htm?id=596,,,,
25103_Lidlfr_promo_1057_14499,Nos offres/Mercredi 25/02|Savoie/Mercredi 25/02,325 g,Tarte aux 3 fromages savoyards,25103_Lidlfr_promo,1 kg = 12.28 €,25103_Lidlfr_promo_1057,112,<strong class="price pricebutton" style="                color:#007d9b;            "> € 3.99  325 g  1 kg = 12.28 €,10,3.99,14499,05D22859D6CFFBA059DB9C03EE4A6E11,Tarte aux 3 fromages savoyards,36BC99E7409D4075ADD85CEE7E2A09E6,18/02/2015 13:50:07,€,466D97E25EFC683AC74F7E4C441FC0CD,D82604DE52C7A4C0D104443D90790B81,73,1057,25103_Lidlfr_promo_1057_14499,Lidl.fr_promo,25103_Lidlfr_promo,25103,http://www.Lidl.fr/fr/offres-513.htm?id=596,,,,
25105_Lidlfr_promo_1057_14499,Nos offres/Mercredi 25/02|Savoie/Mercredi 25/02,300 g,Tomme de Savoie IGP,25105_Lidlfr_promo,1 kg = 10.30 €,25105_Lidlfr_promo_1057,112,<strong class="price pricebutton" style="                color:#007d9b;            "> € 3.09  300 g  1 kg = 10.30 €,12,3.09,14499,ADAC402393CA32366B79E602A499A8C4,Tomme de Savoie IGP,8A8D62F6F11E8FD8BDC2612750849700,18/02/2015 13:50:08,€,CFB6913550706498B361561D5BF931BB,DA29469A4B6418140138895517BE93C4,73,1057,25105_Lidlfr_promo_1057_14499,Lidl.fr_promo,25105_Lidlfr_promo,25105,http://www.Lidl.fr/fr/offres-513.htm?id=596,,,,
25013_Lidlfr_promo_1057_14499,Nos offres/Lundi 23/02|Extérieur/Lundi 23/02,Le pot de 5 L,Lasure déco longue durée,25013_Lidlfr_promo,1 L = 2.59 €,25013_Lidlfr_promo_1057,111,<strong class="price pricebutton" style="                color:#4b650d;            "> € 12.99  Le pot de 5 L  1 L = 2.59 €,3,12.99,14499,29A5B314A169C686578D6DB70D085FF2,Lasure déco longue durée,180A26C0C3A602582FC36A34037C37FC,18/02/2015 13:50:00,€,B92915CED45A20809DB68B73FD686927,7DAC0F8F86AFC0DB7F7854D370346127,73,1057,25013_Lidlfr_promo_1057_14499,Lidl.fr_promo,25013_Lidlfr_promo,25013,http://www.Lidl.fr/fr/offres-513.htm?id=594,,,,
25015_Lidlfr_promo_1057_14499,Nos offres/Lundi 23/02|Extérieur/Lundi 23/02,Le set au choix,Set de pinceaux,25015_Lidlfr_promo,,25015_Lidlfr_promo_1057,111,<strong class="price pricebutton" style="                color:#4b650d;            "> € 7.99  Le set au choix,5,7.99,14499,90E795C57E39768FC257ED2097F19CC0,Set de pinceaux,BB827D35E6862D51573D313D5F65A803,18/02/2015 13:50:00,€,8ABB78B301B57F34412C6A2DAEC4D37F,05204FDF0A9A07A4EAC25EC99AF7AE24,73,1057,25015_Lidlfr_promo_1057_14499,Lidl.fr_promo,25015_Lidlfr_promo,25015,http://www.Lidl.fr/fr/offres-513.htm?id=594,,,,
25019_Lidlfr_promo_1057_14499,Nos offres/Lundi 23/02|Extérieur/Lundi 23/02,L'unité au choix,Jardinière avec niveau d'eau,25019_Lidlfr_promo,,25019_Lidlfr_promo_1057,111,<strong class="price pricebutton" style="                color:#4b650d;            "> à partir de  € 4.99  L'unité au choix,10,4.99,14499,DF383F1C110F67D15BBF65FDC0EE7306,Jardinière avec niveau d'eau,B65BF43B7F0D2C380CAEEA827270FCD8,18/02/2015 13:50:01,€,70CCC2A652536ACE8A882F81A9374C0F,112473807DF45853E16204788CE21E2C,73,1057,25019_Lidlfr_promo_1057_14499,Lidl.fr_promo,25019_Lidlfr_promo,25019,http://www.Lidl.fr/fr/offres-513.htm?id=594,,,,
25020_Lidlfr_promo_1057_14499,Nos offres/Lundi 23/02|Extérieur/Lundi 23/02,L'unité au choix,Paillasson,25020_Lidlfr_promo,,25020_Lidlfr_promo_1057,111,<strong class="price pricebutton" style="                color:#4b650d;            "> € 2.99  L'unité au choix,11,2.99,14499,57F8CFCAC28C6E89F2EDAC948239AA40,Paillasson,DB239C23DACF9F485DFC974D7DF97024,18/02/2015 13:50:02,€,B3F4B842B57579365837E5CF2E4BCC0A,39E947EB63C8BAC0A911B23AC881C9BB,73,1057,25020_Lidlfr_promo_1057_14499,Lidl.fr_promo,25020_Lidlfr_promo,25020,http://www.Lidl.fr/fr/offres-513.htm?id=594,,,,
25011_Lidlfr_promo_1057_14499,Nos offres/Lundi 23/02|Extérieur/Lundi 23/02,L'aérosol de 400 ml,Peinture de protection pour métaux,25011_Lidlfr_promo,1 L = 7.47 €,25011_Lidlfr_promo_1057,111,<strong class="price pricebutton" style="                color:#4b650d;            "> € 2.99  L'aérosol de 400 ml  1 L = 7.47 €,1,2.99,14499,88D6E70BCF3AD2B32B0599B306168897,Peinture de protection pour métaux,54FEC349D27C6B6BA3C74320F708517E,18/02/2015 13:49:59,€,7D24B47543E2B9ADC4C4E92E520FF39E,68E3BF852693AD8A72F32FDFE50DC6D4,73,1057,25011_Lidlfr_promo_1057_14499,Lidl.fr_promo,25011_Lidlfr_promo,25011,http://www.Lidl.fr/fr/offres-513.htm?id=594,,,,
25095_Lidlfr_promo_1057_14499,Nos offres/Mercredi 25/02|Savoie/Mercredi 25/02,3 x 180 g,Assortiment de 3 terrines savoyardes,25095_Lidlfr_promo,1 kg = 4.61 €,25095_Lidlfr_promo_1057,112,<strong class="price pricebutton" style="                color:#007d9b;            "> € 2.49  3 x 180 g  1 kg = 4.61 €,1,2.49,14499,959A6977DB6BA4B53BF16AC5F23901E0,Assortiment de 3 terrines savoyardes,6B3E0D84039E22796C4287A99ECD568B,18/02/2015 13:50:05,€,88C36042D8A15607BCA8E1BD24DECF9D,875FFA7F896A4DA039E296E2D1F54937,73,1057,25095_Lidlfr_promo_1057_14499,Lidl.fr_promo,25095_Lidlfr_promo,25095,http://www.Lidl.fr/fr/offres-513.htm?id=596,,,,
25017_Lidlfr_promo_1057_14499,Nos offres/Lundi 23/02|Extérieur/Lundi 23/02,L'unité,Pulvérisateur à pression,25017_Lidlfr_promo,,25017_Lidlfr_promo_1057,111,<strong class="price pricebutton" style="                color:#4b650d;            "> € 3.99  L'unité,7,3.99,14499,F67C5529EAAE30C012301FAD5CBAA27C,Pulvérisateur à pression,4140C66C602EEA861D899434FAD7F8E4,18/02/2015 13:50:01,€,B463E2B1ACBAEF7378336C1BCE3F71C6,DB4AF40394D17C2399D9B2BECF0A961D,73,1057,25017_Lidlfr_promo_1057_14499,Lidl.fr_promo,25017_Lidlfr_promo,25017,http://www.Lidl.fr/fr/offres-513.htm?id=594,,,,
24935_Lidlfr_promo_1057_14499,Nos promos/Moins cher,75 cl,Côtes de Bordeaux AOP,24935_Lidlfr_promo,1 L = 2.79 €,24935_Lidlfr_promo_1057,115,<small class="pricecut" style="                color:#e52031;                            background-color:#ffffff;                            border:1px solid #e52031;            "> -22% <em class="priceold" style="                border-left: 2px solid #e52031;            "> 2.69   <small class="specialdesc" style="                background-color: #e52031;            ">18/02 - 24/02  <strong class="price pricebutton" style="                color:#e52031;            "> € 2.09    75 cl  1 L = 2.79 €,12,2.09,14499,57094FABF183A9D10DDA4D23E5755402,Côtes de Bordeaux AOP,DD58B5A9FCB6B07155FCE3A54F27DF1E,18/02/2015 13:50:25,€,ECA59F72E9E741D90DC2A2EA888D9764,546B5E6A6DFE42925B8A87EBCAC1A9CB,73,1057,24935_Lidlfr_promo_1057_14499,Lidl.fr_promo,24935_Lidlfr_promo,24935,http://www.Lidl.fr/fr/moins-cher.htm,-22%,18/02 - 24/02,2.69,
25161_Lidlfr_promo_1057_14499,Nos promos/Moins cher,180 g,Jambon supérieur,25161_Lidlfr_promo,1 kg = 6.61 €,25161_Lidlfr_promo_1057,115,<small class="pricecut" style="                color:#e52031;                            background-color:#ffffff;                            border:1px solid #e52031;            "> -20% <em class="priceold" style="                border-left: 2px solid #e52031;            "> 1.49   <small class="specialdesc" style="                background-color: #e52031;            ">25/02 - 03/03  <strong class="price pricebutton" style="                color:#e52031;            "> € 1.19    180 g  1 kg = 6.61 €,16,1.19,14499,AA17845B1092E3B9E0AFF71E001946D8,Jambon supérieur,0D28F20A47BE53C099DDF054463934C0,18/02/2015 13:50:25,€,2EE0D5B6342F02E538000FBC148ECFB9,A7A6B51B4DA2A493F024AAC42D94C7CD,73,1057,25161_Lidlfr_promo_1057_14499,Lidl.fr_promo,25161_Lidlfr_promo,25161,http://www.Lidl.fr/fr/moins-cher.htm,-20%,25/02 - 03/03,1.49,
25163_Lidlfr_promo_1057_14499,Nos promos/Moins cher,100 g,Jambon de Bayonne IGP,25163_Lidlfr_promo,1 kg = 12.90 €,25163_Lidlfr_promo_1057,115,<small class="pricecut" style="                color:#e52031;                            background-color:#ffffff;                            border:1px solid #e52031;            "> -13% <em class="priceold" style="                border-left: 2px solid #e52031;            "> 1.49   <small class="specialdesc" style="                background-color: #e52031;            ">25/02 - 03/03  <strong class="price pricebutton" style="                color:#e52031;            "> € 1.29    100 g  1 kg = 12.90 €,18,1.29,14499,2E0E11AC8BA8C3C65AF7C9249CEC1C85,Jambon de Bayonne IGP,AE548BB8A88505B0C734C8024AB31605,18/02/2015 13:50:25,€,4ADF1B0897DE03F6B2DDF1389A3611B2,7E4DDECD5564E9FE8A83E41821797CA3,73,1057,25163_Lidlfr_promo_1057_14499,Lidl.fr_promo,25163_Lidlfr_promo,25163,http://www.Lidl.fr/fr/moins-cher.htm,-13%,25/02 - 03/03,1.49,
25165_Lidlfr_promo_1057_14499,Nos promos/Moins cher,2 x 400 g,Raclette en tranchettes,25165_Lidlfr_promo,1 kg = 5.49 €,25165_Lidlfr_promo_1057,115,<small class="pricecut" style="                color:#e52031;                            background-color:#ffffff;                            border:1px solid #e52031;            "> -17% <em class="priceold" style="                border-left: 2px solid #e52031;            "> 5.29   <small class="specialdesc" style="                background-color: #e52031;            ">25/02 - 03/03  <strong class="price pricebutton" style="                color:#e52031;            "> € 4.39    2 x 400 g  1 kg = 5.49 €,20,4.39,14499,08070F0E248094FDA18E877112E04BD5,Raclette en tranchettes,E9362082E02B87A3C3F30B0810386C36,18/02/2015 13:50:26,€,203E68206800692C7F7D5D5C6E3B6A28,3773B6CF600F775304F7489130B3D7D1,73,1057,25165_Lidlfr_promo_1057_14499,Lidl.fr_promo,25165_Lidlfr_promo,25165,http://www.Lidl.fr/fr/moins-cher.htm,-17%,25/02 - 03/03,5.29,
25167_Lidlfr_promo_1057_14499,Nos promos/Moins cher,250 g,Morbier au lait cru AOP,25167_Lidlfr_promo,1 kg = 6.76 €,25167_Lidlfr_promo_1057,115,<small class="pricecut" style="                color:#e52031;                            background-color:#ffffff;                            border:1px solid #e52031;            "> -21% <em class="priceold" style="                border-left: 2px solid #e52031;            "> 2.15   <small class="specialdesc" style="                background-color: #e52031;            ">25/02 - 03/03  <strong class="price pricebutton" style="                color:#e52031;            "> € 1.69    250 g  1 kg = 6.76 €,22,1.69,14499,EF02DA050CDE2B8991927575E900036D,Morbier au lait cru AOP,F8DBA43A47BA24CEC230E47D90239138,18/02/2015 13:50:26,€,502ACF43212851B1C5597646D0FFD8D3,25485DF232E188A3F3E514EE1C9DE020,73,1057,25167_Lidlfr_promo_1057_14499,Lidl.fr_promo,25167_Lidlfr_promo,25167,http://www.Lidl.fr/fr/moins-cher.htm,-21%,25/02 - 03/03,2.15,
25169_Lidlfr_promo_1057_14499,Nos promos/Moins cher,350 g au choix,Lunettes de Romans,25169_Lidlfr_promo,1 kg = 4.54 €,25169_Lidlfr_promo_1057,115,<small class="pricecut" style="                color:#e52031;                            background-color:#ffffff;                            border:1px solid #e52031;            "> -20% <em class="priceold" style="                border-left: 2px solid #e52031;            "> 1.99   <small class="specialdesc" style="                background-color: #e52031;            ">25/02 - 03/03  <strong class="price pricebutton" style="                color:#e52031;            "> € 1.59    350 g au choix  1 kg = 4.54 €,24,1.59,14499,7622480D02051EE4117E73638419A446,Lunettes de Romans,363F1E3BBF2083A22A530B20C5CBF3F2,18/02/2015 13:50:26,€,57344E1C9E93D350903A2A552B8BD323,8DE251FEAE057B8675FB551E684A295C,73,1057,25169_Lidlfr_promo_1057_14499,Lidl.fr_promo,25169_Lidlfr_promo,25169,http://www.Lidl.fr/fr/moins-cher.htm,-20%,25/02 - 03/03,1.99,
25170_Lidlfr_promo_1057_14499,Nos promos/Moins cher,8 x 100 g au choix,Fromage blanc,25170_Lidlfr_promo,1 kg = 1.56 €,25170_Lidlfr_promo_1057,115,<small class="pricecut" style="                color:#e52031;                            background-color:#ffffff;                            border:1px solid #e52031;            "> -19% <em class="priceold" style="                border-left: 2px solid #e52031;            "> 1.55   <small class="specialdesc" style="                background-color: #e52031;            ">25/02 - 03/03  <strong class="price pricebutton" style="                color:#e52031;            "> € 1.25    8 x 100 g au choix  1 kg = 1.56 €,25,1.25,14499,5FD737F1618B4F78172570D6E63444CF,Fromage blanc,39E64C6EFFEE886FBB68EC0ACCF204CB,18/02/2015 13:50:26,€,1BEBE188078342A31FF4D8EBAA015AD1,4D70135CF4B09E7B072F9F78863F2600,73,1057,25170_Lidlfr_promo_1057_14499,Lidl.fr_promo,25170_Lidlfr_promo,25170,http://www.Lidl.fr/fr/moins-cher.htm,-19%,25/02 - 03/03,1.55,
25172_Lidlfr_promo_1057_14499,Nos promos/Moins cher,La bouteille de 1 L,Rhum blanc traditionnel des Antilles,25172_Lidlfr_promo,,25172_Lidlfr_promo_1057,115,<small class="pricecut" style="                color:#e52031;                            background-color:#ffffff;                            border:1px solid #e52031;            "> -20% <em class="priceold" style="                border-left: 2px solid #e52031;            "> 14.49   <small class="specialdesc" style="                background-color: #e52031;            ">25/02 - 03/03  <strong class="price pricebutton" style="                color:#e52031;            "> € 11.59    La bouteille de 1 L,27,11.59,14499,CA8A2B29D751296D1F3CC6D429534E23,Rhum blanc traditionnel des Antilles,976FAEA1D27E319F1A26454FDB5BF93C,18/02/2015 13:50:26,€,19326DDA0B335BD02F4B1FB1A33DD4F5,A2A12471535005FFEF2984CFA21C8EDA,73,1057,25172_Lidlfr_promo_1057_14499,Lidl.fr_promo,25172_Lidlfr_promo,25172,http://www.Lidl.fr/fr/moins-cher.htm,-20%,25/02 - 03/03,14.49,
24917_Lidlfr_promo_1057_14499,Nos promos/Moins cher,800 g,Pilons de poulet,24917_Lidlfr_promo,1 kg = 3.74 €,24917_Lidlfr_promo_1057,115,<small class="pricecut" style="                color:#e52031;                            background-color:#ffffff;                            border:1px solid #e52031;            "> -18% <em class="priceold" style="                border-left: 2px solid #e52031;            "> 3.69   <small class="specialdesc" style="                background-color: #e52031;            ">18/02 - 24/02  <strong class="price pricebutton" style="                color:#e52031;            "> € 2.99    800 g  1 kg = 3.74 €,1,2.99,14499,E2AFA81B43B2621A06797F0F2706B2A5,Pilons de poulet,9116CD17F63693BA4BD3ABA394E9723F,18/02/2015 13:50:24,€,FC550F3977BE3034C1AD16553BDA9C65,905FB31E485E7F2FAD5CBA1F425D72E6,73,1057,24917_Lidlfr_promo_1057_14499,Lidl.fr_promo,24917_Lidlfr_promo,24917,http://www.Lidl.fr/fr/moins-cher.htm,-18%,18/02 - 24/02,3.69,
24919_Lidlfr_promo_1057_14499,Nos promos/Moins cher,6 x 130 g,6 cheeseburgers au bœuf,24919_Lidlfr_promo,1 kg = 3.83 €,24919_Lidlfr_promo_1057,115,<small class="pricecut" style="                color:#e52031;                            background-color:#ffffff;                            border:1px solid #e52031;            "> -18% <em class="priceold" style="                border-left: 2px solid #e52031;            "> 3.69   <small class="specialdesc" style="                background-color: #e52031;            ">18/02 - 24/02  <strong class="price pricebutton" style="                color:#e52031;            "> € 2.99    6 x 130 g  1 kg = 3.83 €,3,2.99,14499,69149D37C7E6C2F75766303B33B659E6,6 cheeseburgers au bœuf,E918A7E1A334CECD3F04B8CA359242D4,18/02/2015 13:50:24,€,74E142AB48E7D54F2CCDBE127DE6B7C7,3A451D508BE07D684C2FACE70E6ECF9D,73,1057,24919_Lidlfr_promo_1057_14499,Lidl.fr_promo,24919_Lidlfr_promo,24919,http://www.Lidl.fr/fr/moins-cher.htm,-18%,18/02 - 24/02,3.69,
24920_Lidlfr_promo_1057_14499,Nos promos/Moins cher,2 x 150 g au choix,2 cheeseburgers,24920_Lidlfr_promo,1 kg = 5.30 €,24920_Lidlfr_promo_1057,115,<small class="pricecut" style="                color:#e52031;                            background-color:#ffffff;                            border:1px solid #e52031;            "> -20% <em class="priceold" style="                border-left: 2px solid #e52031;            "> 1.99   <small class="specialdesc" style="                background-color: #e52031;            ">18/02 - 24/02  <strong class="price pricebutton" style="                color:#e52031;            "> € 1.59    2 x 150 g au choix  1 kg = 5.30 €,4,1.59,14499,121D366A4863D7DE2B08EA025830272C,2 cheeseburgers,5C0F506C905F80276B82BA01033D3A90,18/02/2015 13:50:25,€,799A4E6BF6DA4F15403A1C09A4E59985,F00C0EEB95F5A928C3814BC3B3EE962B,73,1057,24920_Lidlfr_promo_1057_14499,Lidl.fr_promo,24920_Lidlfr_promo,24920,http://www.Lidl.fr/fr/moins-cher.htm,-20%,18/02 - 24/02,1.99,
24922_Lidlfr_promo_1057_14499,Nos promos/Moins cher,Soit le lot de 2 x 275 g,Le Rustique camembert,24922_Lidlfr_promo,1 kg = 4.22 €,24922_Lidlfr_promo_1057,115,<small class="pricecut" style="                color:#e52031;                            background-color:#ffffff;                            border:1px solid #e52031;            "> -50% sur le 2ème  <small class="specialdesc" style="                background-color: #e52031;            ">18/02 - 24/02  <strong class="price pricebutton" style="                color:#e52031;            "> € 2.32    Soit le lot de 2 x 275 g  1 kg = 4.22 €,6,2.32,14499,17481297B39A5D04B768C97419A474DD,Le Rustique camembert,093549B8E72AFDC4E4389F8FCAD401AD,18/02/2015 13:50:25,€,CD52671C9636999D269DD6BC655B7CA0,4BADF6FCE1FB568BA4D71E1645E5DA27,73,1057,24922_Lidlfr_promo_1057_14499,Lidl.fr_promo,24922_Lidlfr_promo,24922,http://www.Lidl.fr/fr/moins-cher.htm,-50% sur le 2ème,18/02 - 24/02,,
24931_Lidlfr_promo_1057_14499,Nos promos/Moins cher,4 x 80 g au choix,Mousse liégeoise,24931_Lidlfr_promo,1 kg = 2.47 €,24931_Lidlfr_promo_1057,115,<small class="pricecut" style="                color:#e52031;                            background-color:#ffffff;                            border:1px solid #e52031;            "> -20% <em class="priceold" style="                border-left: 2px solid #e52031;            "> 0.99   <small class="specialdesc" style="                background-color: #e52031;            ">18/02 - 24/02  <strong class="price pricebutton" style="                color:#e52031;            "> € 0.79    4 x 80 g au choix  1 kg = 2.47 €,8,0.79,14499,8AD792E316A56133F68E8493F0CF1D2D,Mousse liégeoise,432E6A14B79B4D6D5A86834E39690414,18/02/2015 13:50:25,€,AC89F92166E2339D0DCE08E7691F9C95,474E406FC68C5E3F0BCE9A7206CDEF5E,73,1057,24931_Lidlfr_promo_1057_14499,Lidl.fr_promo,24931_Lidlfr_promo,24931,http://www.Lidl.fr/fr/moins-cher.htm,-20%,18/02 - 24/02,0.99,
24933_Lidlfr_promo_1057_14499,Nos promos/Moins cher,La bouteille de 1 L,Pur jus de 4 agrumes,24933_Lidlfr_promo,,24933_Lidlfr_promo_1057,115,<small class="pricecut" style="                color:#e52031;                            background-color:#ffffff;                            border:1px solid #e52031;            "> -20% <em class="priceold" style="                border-left: 2px solid #e52031;            "> 0.99   <small class="specialdesc" style="                background-color: #e52031;            ">18/02 - 24/02  <strong class="price pricebutton" style="                color:#e52031;            "> € 0.79    La bouteille de 1 L,10,0.79,14499,000D562AFB77B582CA15F738F4F353F6,Pur jus de 4 agrumes,AF14C5E016434B820CE1180355BE1DF4,18/02/2015 13:50:25,€,79E1CB4B2A8F126BD8FD093CDCCB4DC3,942DAAC277DACED487D09DDCBE753D73,73,1057,24933_Lidlfr_promo_1057_14499,Lidl.fr_promo,24933_Lidlfr_promo,24933,http://www.Lidl.fr/fr/moins-cher.htm,-20%,18/02 - 24/02,0.99,
25145_Lidlfr_promo_1057_14499,Nos offres/Mercredi 25/02|Viandes de bœuf/Mercredi 25/02,8 x 125 g,Steaks hachés façon bouchère pur bœuf,25145_Lidlfr_promo,,25145_Lidlfr_promo_1057,113,<strong class="price pricebutton" style="                color:#eb212e;            "> € 7.29  8 x 125 g,8,7.29,14499,082D6B069DC624A2FE46348B1ECDFD9B,Steaks hachés façon bouchère pur bœuf,890818FCAD26828EFA973D5867E95D1F,18/02/2015 13:50:15,€,80BC27F0E13CF88EF166F93C45995D43,BE419CDF098BAE8C8530EA4F19AF3837,73,1057,25145_Lidlfr_promo_1057_14499,Lidl.fr_promo,25145_Lidlfr_promo,25145,http://www.Lidl.fr/fr/offres-513.htm?id=597,,,,
25147_Lidlfr_promo_1057_14499,Nos offres/Mercredi 25/02|Viandes de bœuf/Mercredi 25/02,30 x 30 g,Boulettes au bœuf,25147_Lidlfr_promo,1 kg = 4.83 €,25147_Lidlfr_promo_1057,113,<strong class="price pricebutton" style="                color:#eb212e;            "> € 4.35  30 x 30 g  1 kg = 4.83 €,10,4.35,14499,B0B7B14C635DDF5F283E8DAC059745CA,Boulettes au bœuf,850842B74A84D8EB4B4A82E81129884B,18/02/2015 13:50:15,€,B588BF40EBF2CA0CC210100900E12098,18318DA7DAE61A542729D9DA994161BE,73,1057,25147_Lidlfr_promo_1057_14499,Lidl.fr_promo,25147_Lidlfr_promo,25147,http://www.Lidl.fr/fr/offres-513.htm?id=597,,,,
25141_Lidlfr_promo_1057_14499,Nos offres/Mercredi 25/02|Viandes de bœuf/Mercredi 25/02,180 g,1 entrecôte,25141_Lidlfr_promo,1 kg = 19.94 €,25141_Lidlfr_promo_1057,113,<strong class="price pricebutton" style="                color:#eb212e;            "> € 3.59  180 g  1 kg = 19.94 €,4,3.59,14499,FE585529494A008DE969620533D752FC,1 entrecôte,3A48E59BEDD804F80418FBBDE04F95CB,18/02/2015 13:50:14,€,8EA2263CAFC8AFCE99C4DFC8836485A8,0B7127C966FA2DC3E83D3C9651E9D9B6,73,1057,25141_Lidlfr_promo_1057_14499,Lidl.fr_promo,25141_Lidlfr_promo,25141,http://www.Lidl.fr/fr/offres-513.htm?id=597,,,,
25143_Lidlfr_promo_1057_14499,Nos offres/Mercredi 25/02|Viandes de bœuf/Mercredi 25/02,10 x 100 g,Steaks hachés pur bœuf,25143_Lidlfr_promo,,25143_Lidlfr_promo_1057,113,<strong class="price pricebutton" style="                color:#eb212e;            "> € 5.17  10 x 100 g,6,5.17,14499,4BB670914E64ED1E0CC333529C8A96C1,Steaks hachés pur bœuf,5CBE1C7E22B04C194F5CBFF6A6E8971A,18/02/2015 13:50:14,€,8D9DC56A6502CE5895A7C4878E119E26,BFC58C81E954A4EE8722992437A86D9D,73,1057,25143_Lidlfr_promo_1057_14499,Lidl.fr_promo,25143_Lidlfr_promo,25143,http://www.Lidl.fr/fr/offres-513.htm?id=597,,,,
24982_Lidlfr_promo_1057_14499,Nos promos/Plantes & fleurs,L'unité au choix,Rosier grimpant en motte,24982_Lidlfr_promo,Le 21/02,24982_Lidlfr_promo_1057,118,<strong class="price pricebutton" style="                color:#f05660;            "> € 2.49  L'unité au choix  Le 21/02,3,2.49,14499,03E5F0C008F26E6B209811FEBC2316B5,Rosier grimpant en motte,44E2624A93186E6E68EB440B4B2DE18C,18/02/2015 13:50:43,€,228988756989B44C6D6B88B92FBD91AF,E945A4E090CD71ACBF4CFCC6FF54AD9C,73,1057,24982_Lidlfr_promo_1057_14499,Lidl.fr_promo,24982_Lidlfr_promo,24982,http://www.Lidl.fr/fr/plantes-fleurs.htm,,,,
24986_Lidlfr_promo_1057_14499,Nos promos/Plantes & fleurs,L'unité,Narcisses,24986_Lidlfr_promo,Le 23/02,24986_Lidlfr_promo_1057,118,<strong class="price pricebutton" style="                color:#f05660;            "> € 1.29  L'unité  Le 23/02,4,1.29,14499,DF9E31B12B1B5DE2420B0EFD2017E97D,Narcisses,BF05BFFD20CCC407E84A01E53CD67595,18/02/2015 13:50:43,€,2A6C6CAEE570951C932EEA0827B79948,77B1AE6BE955316D7234F2BC5A409CDD,73,1057,24986_Lidlfr_promo_1057_14499,Lidl.fr_promo,24986_Lidlfr_promo,24986,http://www.Lidl.fr/fr/plantes-fleurs.htm,,,,
25035_Lidlfr_promo_1057_14499,Nos promos/Super samedi,750 g,Paupiettes de porc,25035_Lidlfr_promo,1 kg = 5.32 €,25035_Lidlfr_promo_1057,116,<small class="pricecut" style="                color:#e52031;                            background-color:#ffffff;                            border:1px solid #e52031;            "> -22% <em class="priceold" style="                border-left: 2px solid #e52031;            "> 5.15   <small class="specialdesc" style="                background-color: #e52031;            ">21/02 - 21/02  <strong class="price pricebutton" style="                color:#e52031;            "> € 3.99    750 g  1 kg = 5.32 €,2,3.99,14499,380351962ED7C0BABC6EF876060DB46D,Paupiettes de porc,6DAC472484F3F31F7FCC61AC0EA170C6,18/02/2015 13:50:29,€,BD3D7D35B1766B8C23D3B5B9CC187833,099E842AF821E68C6B90D20DDCFC0FC8,73,1057,25035_Lidlfr_promo_1057_14499,Lidl.fr_promo,25035_Lidlfr_promo,25035,http://www.Lidl.fr/fr/super-samedi.htm,-22%,21/02 - 21/02,5.15,
25044_Lidlfr_promo_1057_14499,Nos promos/Fruits & légumes,La barquette de 1 kg,Carottes des sables,25044_Lidlfr_promo,,25044_Lidlfr_promo_1057,117,<small class="specialdesc" style="                background-color: #f1830c;            ">18/02 - 21/02  <strong class="price pricebutton" style="                color:#cf6d04;            "> € 1.29    La barquette de 1 kg,4,1.29,14499,B81E4A7A79BFC758E87CFE0AD0F8D53E,Carottes des sables,E02CD161F1B946B50CBA3CD483C96D32,18/02/2015 13:50:39,€,FA5D7C524C1EDEA7F14191F4AAA88F6F,BCEA8E33F6A05964BDF4AC26C1AA89CF,73,1057,25044_Lidlfr_promo_1057_14499,Lidl.fr_promo,25044_Lidlfr_promo,25044,http://www.Lidl.fr/fr/fruits-legumes.htm,,18/02 - 21/02,,
25042_Lidlfr_promo_1057_14499,Nos promos/Fruits & légumes,La pièce,Salade iceberg,25042_Lidlfr_promo,,25042_Lidlfr_promo_1057,117,<small class="specialdesc" style="                background-color: #f1830c;            ">18/02 - 21/02  <strong class="price pricebutton" style="                color:#cf6d04;            "> € 0.79    La pièce,2,0.79,14499,00443201F203FFA24938B88DCA970157,Salade iceberg,6BAB21C4B391E19804248D6F64AB69A5,18/02/2015 13:50:39,€,8F3861CC836B713D0062D7DEA930CFED,4F7E82050E79D3F6A24897B6413CB90F,73,1057,25042_Lidlfr_promo_1057_14499,Lidl.fr_promo,25042_Lidlfr_promo,25042,http://www.Lidl.fr/fr/fruits-legumes.htm,,18/02 - 21/02,,
24973_Lidlfr_promo_1057_14499,Nos promos/Plantes & fleurs,L'unité au choix,Plantes vertes,24973_Lidlfr_promo,Le 18/02,24973_Lidlfr_promo_1057,118,<strong class="price pricebutton" style="                color:#f05660;            "> € 21.99  L'unité au choix  Le 18/02,1,21.99,14499,77B241215F5FB61E29B394947EB1BAD0,Plantes vertes,6F553CC62A1C358F73A9107740FB2814,18/02/2015 13:50:43,€,92A2A88A3A9A7AD8D7C2CA3F6A87F422,47AF7FCA91DD663217384FADCD58C8AB,73,1057,24973_Lidlfr_promo_1057_14499,Lidl.fr_promo,24973_Lidlfr_promo,24973,http://www.Lidl.fr/fr/plantes-fleurs.htm,,,,
24869_Lidlfr_promo_601_14499,Nos offres/Mercredi 18/02|USA/Mercredi 18/02,480/490/500 ml au choix,Sauce,24869_Lidlfr_promo,1 L = 3.10 €,24869_Lidlfr_promo_601,123,<strong class="price pricebutton" style="                color:#d83b30;            "> € 1.49  480/490/500 ml au choix  1 L = 3.10 €,4,1.49,14499,287B805F7C2564A1070061BB00695E79,Sauce,624109D69591EB4E842EF6A159A40E5A,18/02/2015 13:51:11,€,D438AD7B87ABFD9280AC3332B650FD09,CEC819FA603E0B3F17E6AEAF4A6E6890,83,601,24869_Lidlfr_promo_601_14499,Lidl.fr_promo,24869_Lidlfr_promo,24869,http://www.Lidl.fr/fr/offres-513.htm?id=591,,,,
24870_Lidlfr_promo_601_14499,Nos offres/Mercredi 18/02|USA/Mercredi 18/02,400 g (PNE),Cornichons tranchés,24870_Lidlfr_promo,1 kg = 3.73 €,24870_Lidlfr_promo_601,123,<strong class="price pricebutton" style="                color:#d83b30;            "> € 1.49  400 g (PNE)  1 kg = 3.73 €,5,1.49,14499,FCF74CCD0088FF5C7A1AD530C219490E,Cornichons tranchés,F8CB6DA4A610708F666D538800F71469,18/02/2015 13:51:11,€,468330492BA81503792A298A4DE8D1DF,8AC8AB5790BE587836C18B1E2184BAC0,83,601,24870_Lidlfr_promo_601_14499,Lidl.fr_promo,24870_Lidlfr_promo,24870,http://www.Lidl.fr/fr/offres-513.htm?id=591,,,,
24991_Lidlfr_promo_1057_14499,Nos promos/Bonnes affaires,L'unité ou le set au choix,Jeu,24991_Lidlfr_promo,,24991_Lidlfr_promo_1057,119,<small class="specialdesc" style="                background-color: #1f4fb8;            ">19/02 - 19/02  <strong class="price pricebutton" style="                color:#1f4fb8;            "> € 10.99    L'unité ou le set au choix,3,10.99,14499,5DDEF9ECF60D11AED4EFE02018C54709,Jeu,ED08B74BBA4F42E48EF9CBB99DCAAA79,18/02/2015 13:50:47,€,B551CA755DECFA0F97CD6859D02D3709,4B23F8DC9EB4ED500A662E396908D39B,73,1057,24991_Lidlfr_promo_1057_14499,Lidl.fr_promo,24991_Lidlfr_promo,24991,http://www.Lidl.fr/fr/bonnes-affaires.htm,,19/02 - 19/02,,
24993_Lidlfr_promo_1057_14499,Nos promos/Bonnes affaires,L'unité ou le set au choix,Jouets d'extérieur,24993_Lidlfr_promo,,24993_Lidlfr_promo_1057,119,<small class="specialdesc" style="                background-color: #1f4fb8;            ">19/02 - 19/02  <strong class="price pricebutton" style="                color:#1f4fb8;            "> € 1.99    L'unité ou le set au choix,5,1.99,14499,B1103BFC1D454B41E8837ABA503F452E,Jouets d'extérieur,78A8B38A6BE1C0B87AB627F1C329EDA2,18/02/2015 13:50:47,€,140EB293513EB4B1149DD611B16E9AA0,ECC8647B514CB6AE769B6AF99410A092,73,1057,24993_Lidlfr_promo_1057_14499,Lidl.fr_promo,24993_Lidlfr_promo,24993,http://www.Lidl.fr/fr/bonnes-affaires.htm,,19/02 - 19/02,,
24766_Lidlfr_promo_601_14499,Nos offres/Lundi 16/02|Auto/Moto/Lundi 16/02,La paire au choix,Chaussettes de moto,24766_Lidlfr_promo,,24766_Lidlfr_promo_601,122,<strong class="price pricebutton" style="                color:#f17230;            "> € 2.99  La paire au choix,11,2.99,14499,A2818279F29CBA4AF8201613E3A799C2,Chaussettes de moto,1BCBF704CE2E99DEBF714BE22DA84AA7,18/02/2015 13:51:06,€,4DE420B2AD3650D7C86D15C7C78B00E4,4527D8D0B1692F0BFD2480464BB20457,83,601,24766_Lidlfr_promo_601_14499,Lidl.fr_promo,24766_Lidlfr_promo,24766,http://www.Lidl.fr/fr/offres-513.htm?id=589,,,,
24768_Lidlfr_promo_601_14499,Nos offres/Lundi 16/02|Auto/Moto/Lundi 16/02,L'unité,Galerie porte-bagages en aluminium,24768_Lidlfr_promo,,24768_Lidlfr_promo_601,122,<strong class="price pricebutton" style="                color:#f17230;            "> € 34.99  L'unité,13,34.99,14499,11FA63F75DCEF42480C4D81334E39F12,Galerie porte-bagages en aluminium,B1A3DD5C0F9864CC11A2358469AF6995,18/02/2015 13:51:06,€,382462C43878A6EE157A7439C1BF018F,B073CE3B662C38AB02C8FD02CE384A44,83,601,24768_Lidlfr_promo_601_14499,Lidl.fr_promo,24768_Lidlfr_promo,24768,http://www.Lidl.fr/fr/offres-513.htm?id=589,,,,
24757_Lidlfr_promo_601_14499,Nos offres/Lundi 16/02|Auto/Moto/Lundi 16/02,L'unité au choix,Maillot technique de moto homme,24757_Lidlfr_promo,,24757_Lidlfr_promo_601,122,<strong class="price pricebutton" style="                color:#f17230;            "> € 14.99  L'unité au choix,3,14.99,14499,1B145E2EBDCB136FC00500E3C1174F8C,Maillot technique de moto homme,1252AEF7A71F1E4FFA95E78D1846D2ED,18/02/2015 13:51:04,€,54E01BE2A483E7494B518FCC73F5CD80,8A4698917FE654CFB25A8BE97C24B4B3,83,601,24757_Lidlfr_promo_601_14499,Lidl.fr_promo,24757_Lidlfr_promo,24757,http://www.Lidl.fr/fr/offres-513.htm?id=589,,,,
24760_Lidlfr_promo_601_14499,Nos offres/Lundi 16/02|Auto/Moto/Lundi 16/02,La paire,Gants de moto,24760_Lidlfr_promo,,24760_Lidlfr_promo_601,122,<strong class="price pricebutton" style="                color:#f17230;            "> € 19.99  La paire,5,19.99,14499,72D518DF3D9FF3C968C86B14D54558D0,Gants de moto,6666E888EB39048434BF399073A1A0A8,18/02/2015 13:51:04,€,AFF6DA84F6ABEA2A19E279E5650F5D6F,6B41F17ABD11BBC46176560B301A4E24,83,601,24760_Lidlfr_promo_601_14499,Lidl.fr_promo,24760_Lidlfr_promo,24760,http://www.Lidl.fr/fr/offres-513.htm?id=589,,,,
24762_Lidlfr_promo_601_14499,Nos offres/Lundi 16/02|Auto/Moto/Lundi 16/02,L'unité,Cagoule moto,24762_Lidlfr_promo,,24762_Lidlfr_promo_601,122,<strong class="price pricebutton" style="                color:#f17230;            "> € 4.99  L'unité,7,4.99,14499,551105CE5828048CAC5EA8A486AAE3C8,Cagoule moto,2BD5A9FBAB109EAEFE32EDB4DF5E528A,18/02/2015 13:51:05,€,B4F8F29594319B1F33C617D12A5626F4,DCE4D150D598F12D9B87A16283857712,83,601,24762_Lidlfr_promo_601_14499,Lidl.fr_promo,24762_Lidlfr_promo,24762,http://www.Lidl.fr/fr/offres-513.htm?id=589,,,,
24764_Lidlfr_promo_601_14499,Nos offres/Lundi 16/02|Auto/Moto/Lundi 16/02,L'unité,Ceinture lombaire,24764_Lidlfr_promo,,24764_Lidlfr_promo_601,122,<strong class="price pricebutton" style="                color:#f17230;            "> € 4.99  L'unité,9,4.99,14499,DFEEA130B2B3DCA1D4D52EF9F2D4D9E3,Ceinture lombaire,E90212B1460ED71F896E59C69303580A,18/02/2015 13:51:05,€,0DA7D9D40C59D7685CC534AF91877FEF,44B8B1B5C2C259DF31D9D9B0F53BE68B,83,601,24764_Lidlfr_promo_601_14499,Lidl.fr_promo,24764_Lidlfr_promo,24764,http://www.Lidl.fr/fr/offres-513.htm?id=589,,,,
24793_Lidlfr_promo_601_14499,Nos offres/Lundi 16/02|Mode enfant/Lundi 16/02,Le lot au choix,2 tee-shirts manches longues fille ou garçon,24793_Lidlfr_promo,,24793_Lidlfr_promo_601,121,<strong class="price pricebutton" style="                color:#ee73aa;            "> € 3.49  Le lot au choix,5,3.49,14499,FB812EBB66A20A4E8EF413A165C3593A,2 tee-shirts manches longues fille ou garçon,29D2F1C53015BEF9F49FE345F158C6FE,18/02/2015 13:51:00,€,5BFA5D80CBBBB42DF274D3D54DC3A776,FDB2B215ACA454782C69BC1EE9A85D81,83,601,24793_Lidlfr_promo_601_14499,Lidl.fr_promo,24793_Lidlfr_promo,24793,http://www.Lidl.fr/fr/offres-513.htm?id=588,,,,
24867_Lidlfr_promo_601_14499,Nos offres/Mercredi 18/02|USA/Mercredi 18/02,200 g,Chips goût barbecue,24867_Lidlfr_promo,1 kg = 4.95 €,24867_Lidlfr_promo_601,123,<strong class="price pricebutton" style="                color:#d83b30;            "> € 0.99  200 g  1 kg = 4.95 €,2,0.99,14499,324158FC1BEF0BE782A8BD32B13CEDB7,Chips goût barbecue,AEC458B8DC0033CC16703CC94D35FC05,18/02/2015 13:51:10,€,2DC7871A0EAECA1661CF91B592EFB74B,CBEC56EA8D7B1D9787F7C1297488C798,83,601,24867_Lidlfr_promo_601_14499,Lidl.fr_promo,24867_Lidlfr_promo,24867,http://www.Lidl.fr/fr/offres-513.htm?id=591,,,,
24755_Lidlfr_promo_601_14499,Nos offres/Lundi 16/02|Auto/Moto/Lundi 16/02,L'unité au choix,Etui pour GPS ou manchons scooter,24755_Lidlfr_promo,,24755_Lidlfr_promo_601,122,<strong class="price pricebutton" style="                color:#f17230;            "> € 9.99  L'unité au choix,1,9.99,14499,757DEF678AE091C9EC98E9F75972B931,Etui pour GPS ou manchons scooter,C4FC055FCF9740714635EFD877769B3C,18/02/2015 13:51:03,€,A7F1801ADC437872DB9143AF18341CE4,96BC82D11851FAD841C56BAC26D777A6,83,601,24755_Lidlfr_promo_601_14499,Lidl.fr_promo,24755_Lidlfr_promo,24755,http://www.Lidl.fr/fr/offres-513.htm?id=589,,,,
24791_Lidlfr_promo_601_14499,Nos offres/Lundi 16/02|Mode enfant/Lundi 16/02,L'unité au choix,Veste imperméable fille,24791_Lidlfr_promo,,24791_Lidlfr_promo_601,121,<strong class="price pricebutton" style="                color:#ee73aa;            "> € 9.99  L'unité au choix,3,9.99,14499,A3174B0429A75D7D038971C8AB266A12,Veste imperméable fille,84043459D104F9BDC70B6B6A5563FDF3,18/02/2015 13:50:59,€,5E697013B28A019CE68FFBF7C02E69CC,2933FEB99140863146F78CA650897C2F,83,601,24791_Lidlfr_promo_601_14499,Lidl.fr_promo,24791_Lidlfr_promo,24791,http://www.Lidl.fr/fr/offres-513.htm?id=588,,,,
24872_Lidlfr_promo_601_14499,Nos offres/Mercredi 18/02|USA/Mercredi 18/02,500 g au choix,Spare ribs (travers de porc),24872_Lidlfr_promo,1 kg = 6.98 €,24872_Lidlfr_promo_601,123,<strong class="price pricebutton" style="                color:#d83b30;            "> € 3.49  500 g au choix  1 kg = 6.98 €,7,3.49,14499,A11AFA0709EF52CB0023DF67674C7578,Spare ribs (travers de porc),1DCFC04336E45C18E85FA8C33A6CCD42,18/02/2015 13:51:12,€,100661255E081464A9BA57927CA8F6BC,B6E61F3A46000AF53590F293DCF35C20,83,601,24872_Lidlfr_promo_601_14499,Lidl.fr_promo,24872_Lidlfr_promo,24872,http://www.Lidl.fr/fr/offres-513.htm?id=591,,,,
24874_Lidlfr_promo_601_14499,Nos offres/Mercredi 18/02|USA/Mercredi 18/02,420/438/450 g au choix,Crème glacée,24874_Lidlfr_promo,1 kg = 6.40 €,24874_Lidlfr_promo_601,123,<strong class="price pricebutton" style="                color:#d83b30;            "> € 2.69  420/438/450 g au choix  1 kg = 6.40 €,11,2.69,14499,25F31E71CA324FAAB35CDF368E58A90F,Crème glacée,30C931C36533231A9F50DDF097EC4222,18/02/2015 13:51:13,€,805EAAB5782A40639F083949B39C9AE8,AA08CAA980FEA246EBCFF950B4EAE2E7,83,601,24874_Lidlfr_promo_601_14499,Lidl.fr_promo,24874_Lidlfr_promo,24874,http://www.Lidl.fr/fr/offres-513.htm?id=591,,,,
24832_Lidlfr_promo_601_14499,Nos offres/Jeudi 19/02|Douce nuit/Jeudi 19/02,La parure au choix,Parure de lit en coton renforcé,24832_Lidlfr_promo,,24832_Lidlfr_promo_601,124,<strong class="price pricebutton" style="                color:#a65c9b;            "> à partir de  € 11.99  La parure au choix,1,11.99,14499,732CD9DCF1D6AC835A83301146A14E2A,Parure de lit en coton renforcé,9AD6012FF84255E1AA11E9CB74A48D9D,18/02/2015 13:51:18,€,FC2D1499E8B8E8A7575589449842AFB0,659F7811510C2A2B265A09A56095C702,83,601,24832_Lidlfr_promo_601_14499,Lidl.fr_promo,24832_Lidlfr_promo,24832,http://www.Lidl.fr/fr/offres-513.htm?id=590,,,,
24836_Lidlfr_promo_601_14499,Nos offres/Jeudi 19/02|Douce nuit/Jeudi 19/02,L'unité,Coussin en microfibre,24836_Lidlfr_promo,,24836_Lidlfr_promo_601,124,<strong class="price pricebutton" style="                color:#a65c9b;            "> € 8.99  L'unité,2,8.99,14499,201F70778F5BC24C0BE89A76D83D7E77,Coussin en microfibre,D44FDF66059C3861540AEE74521366A7,18/02/2015 13:51:18,€,1938A242FE874FE7EC20CC5EFADF043A,BD44F20EE6AC130433C642094CECD336,83,601,24836_Lidlfr_promo_601_14499,Lidl.fr_promo,24836_Lidlfr_promo,24836,http://www.Lidl.fr/fr/offres-513.htm?id=590,,,,
24876_Lidlfr_promo_601_14499,Nos offres/Mercredi 18/02|USA/Mercredi 18/02,200 g,Préparation pour pancakes,24876_Lidlfr_promo,1 kg = 6.45 €,24876_Lidlfr_promo_601,123,<strong class="price pricebutton" style="                color:#d83b30;            "> € 1.29  200 g  1 kg = 6.45 €,12,1.29,14499,15760803F05A86F2F782709737225DAD,Préparation pour pancakes,8E0A15F6E5CC5FAE5105ADD92BBA48E1,18/02/2015 13:51:13,€,0BCE6670065BC26D19B8778E50290012,E04F87E54CA47E7AAC0FDE5F55A2B928,83,601,24876_Lidlfr_promo_601_14499,Lidl.fr_promo,24876_Lidlfr_promo,24876,http://www.Lidl.fr/fr/offres-513.htm?id=591,,,,
24878_Lidlfr_promo_601_14499,Nos offres/Mercredi 18/02|USA/Mercredi 18/02,300 g,6 pancakes,24878_Lidlfr_promo,1 kg = 5.30 €,24878_Lidlfr_promo_601,123,<strong class="price pricebutton" style="                color:#d83b30;            "> € 1.59  300 g  1 kg = 5.30 €,14,1.59,14499,39A227E823C6C016913580FDF977E3C8,6 pancakes,E28954D9881B3C7036EC4E5E323C00DF,18/02/2015 13:51:13,€,6647AFDC0E01975195F29B812DC2476B,519FAB1C21E011CB83230C17046B5CF2,83,601,24878_Lidlfr_promo_601_14499,Lidl.fr_promo,24878_Lidlfr_promo,24878,http://www.Lidl.fr/fr/offres-513.htm?id=591,,,,
24861_Lidlfr_promo_601_14499,Nos offres/Jeudi 19/02|Douce nuit/Jeudi 19/02,L'unité au choix,Lampe halogène à pince,24861_Lidlfr_promo,,24861_Lidlfr_promo_601,124,<strong class="price pricebutton" style="                color:#a65c9b;            "> € 5.99  L'unité au choix,9,5.99,14499,56CEC8B7309F8D033E5153557413A3C8,Lampe halogène à pince,D143DE70C6C8600D2C44235F5D26FFD3,18/02/2015 13:51:20,€,70E9F76175DD8EAAB46A666EFD11DE22,4EE81D87959972EC4F7D90FAE46639F5,83,601,24861_Lidlfr_promo_601_14499,Lidl.fr_promo,24861_Lidlfr_promo,24861,http://www.Lidl.fr/fr/offres-513.htm?id=590,,,,
24863_Lidlfr_promo_601_14499,Nos offres/Jeudi 19/02|Douce nuit/Jeudi 19/02,La paire au choix,Lunettes pliables avec étui,24863_Lidlfr_promo,,24863_Lidlfr_promo_601,124,<strong class="price pricebutton" style="                color:#a65c9b;            "> € 3.49  La paire au choix,10,3.49,14499,FC73D134E638DFB2A01F4E2D4B1FCD4D,Lunettes pliables avec étui,159A85606BA34BB295AD5761D1C40272,18/02/2015 13:51:20,€,54B92515BB64396B7DE7332D5C2B28A9,66A733FEBE222A5F3AE377F413C19305,83,601,24863_Lidlfr_promo_601_14499,Lidl.fr_promo,24863_Lidlfr_promo,24863,http://www.Lidl.fr/fr/offres-513.htm?id=590,,,,
24845_Lidlfr_promo_601_14499,Nos offres/Jeudi 19/02|Douce nuit/Jeudi 19/02,L'unité au choix,Drap-housse en jersey,24845_Lidlfr_promo,,24845_Lidlfr_promo_601,124,<strong class="price pricebutton" style="                color:#a65c9b;            "> à partir de  € 5.99  L'unité au choix,5,5.99,14499,757D15BF82CD331E8B8EC09F47FEE82E,Drap-housse en jersey,A326CA61EDFB5C763764A69CDBC71CA5,18/02/2015 13:51:19,€,C598E82A796B91FDA30DFCE50EB7F38A,FB8AF9B1003EAAF5C36F2F065DA4FCA0,83,601,24845_Lidlfr_promo_601_14499,Lidl.fr_promo,24845_Lidlfr_promo,24845,http://www.Lidl.fr/fr/offres-513.htm?id=590,,,,
24847_Lidlfr_promo_601_14499,Nos offres/Jeudi 19/02|Douce nuit/Jeudi 19/02,L'ensemble au choix,Pyjama homme,24847_Lidlfr_promo,,24847_Lidlfr_promo_601,124,<strong class="price pricebutton" style="                color:#a65c9b;            "> € 9.99  L'ensemble au choix,7,9.99,14499,1D339B0311A10653DCFE4B3DBB6A4F24,Pyjama homme,D8F458A9F6CD15BB26F0F228FAACE3DF,18/02/2015 13:51:19,€,B9A86DCB2CD0EA2D543CBB15C379B1A6,0743832AD29F3A3EE0F01243AABBC3B8,83,601,24847_Lidlfr_promo_601_14499,Lidl.fr_promo,24847_Lidlfr_promo,24847,http://www.Lidl.fr/fr/offres-513.htm?id=590,,,,
24944_Lidlfr_promo_601_14499,Nos offres/Jeudi 19/02|Maison/Jeudi 19/02,L'unité au choix,Mini commode,24944_Lidlfr_promo,,24944_Lidlfr_promo_601,125,<strong class="price pricebutton" style="                color:#f3846a;            "> € 14.99*  L'unité au choix,1,14.99,14499,521BD149204CCDCD154698B806C7DE8C,Mini commode,532B56E091C8592746263E5C3D7B2EE3,18/02/2015 13:51:23,€,1115D07EA530A708918C397DCBCD4053,4EA59864816087BB60D6E5680C047A5E,83,601,24944_Lidlfr_promo_601_14499,Lidl.fr_promo,24944_Lidlfr_promo,24944,http://www.Lidl.fr/fr/offres-513.htm?id=592,,,,
24946_Lidlfr_promo_601_14499,Nos offres/Jeudi 19/02|Maison/Jeudi 19/02,Le lot au choix,4 boutons de meuble,24946_Lidlfr_promo,,24946_Lidlfr_promo_601,125,<strong class="price pricebutton" style="                color:#f3846a;            "> € 3.99*  Le lot au choix,3,3.99,14499,5BF96FE7A5AEF8C93763054BD75CEEA3,4 boutons de meuble,3DFC458AD5E5E2864B5089CB1A5016BE,18/02/2015 13:51:24,€,C9DDF27ECAF401757A8CB884F77DCB83,52AC89F6FD092A77578033A1B21594FF,83,601,24946_Lidlfr_promo_601_14499,Lidl.fr_promo,24946_Lidlfr_promo,24946,http://www.Lidl.fr/fr/offres-513.htm?id=592,,,,
24951_Lidlfr_promo_601_14499,Nos offres/Jeudi 19/02|Maison/Jeudi 19/02,L'unité au choix,Coussin,24951_Lidlfr_promo,,24951_Lidlfr_promo_601,125,<strong class="price pricebutton" style="                color:#f3846a;            "> € 4.99  L'unité au choix,9,4.99,14499,D7B65F415935B4C6E8FC46C1D513C9AF,Coussin,01F83D647495BC80DB9DA5DEF9EAAD12,18/02/2015 13:51:25,€,CDC3C7D481A027228A5F8D769B0FF79D,493733B1EA397D196293BBF12B839A4F,83,601,24951_Lidlfr_promo_601_14499,Lidl.fr_promo,24951_Lidlfr_promo,24951,http://www.Lidl.fr/fr/offres-513.htm?id=592,,,,
24953_Lidlfr_promo_601_14499,Nos offres/Jeudi 19/02|Maison/Jeudi 19/02,Le lot au choix,2 sets de table,24953_Lidlfr_promo,,24953_Lidlfr_promo_601,125,<strong class="price pricebutton" style="                color:#f3846a;            "> € 2.99  Le lot au choix,11,2.99,14499,C187C295D50FEE21F9F053E69D7C9FEB,2 sets de table,A2BDFD5664534A40476E1B330CB26E0B,18/02/2015 13:51:26,€,25B4C7AA8F7B1946C34C91BA8506BDE7,ABC8818C03E3574658E1A5DD95D2FF8D,83,601,24953_Lidlfr_promo_601_14499,Lidl.fr_promo,24953_Lidlfr_promo,24953,http://www.Lidl.fr/fr/offres-513.htm?id=592,,,,
24881_Lidlfr_promo_601_14499,Nos offres/Mercredi 18/02|USA/Mercredi 18/02,454 g au choix,Beurre de cacahuète,24881_Lidlfr_promo,1 kg = 5.70 €,24881_Lidlfr_promo_601,123,<strong class="price pricebutton" style="                color:#d83b30;            "> € 2.59  454 g au choix  1 kg = 5.70 €,17,2.59,14499,1C699B1B2FB3F45D26D8AA3D1B68C578,Beurre de cacahuète,3D61BA20CA3C6760AE1D6D6E433AAD76,18/02/2015 13:51:14,€,0D8C1D857C3F9A24A08BEAC0338CBCE5,D0A194DC29EE00D2F22EF573F2D7097F,83,601,24881_Lidlfr_promo_601_14499,Lidl.fr_promo,24881_Lidlfr_promo,24881,http://www.Lidl.fr/fr/offres-513.htm?id=591,,,,
24948_Lidlfr_promo_601_14499,Nos offres/Jeudi 19/02|Maison/Jeudi 19/02,Le lot ou l'unité au choix,Accessoire(s) de décoration,24948_Lidlfr_promo,,24948_Lidlfr_promo_601,125,<strong class="price pricebutton" style="                color:#f3846a;            "> € 2.99  Le lot ou l'unité au choix,6,2.99,14499,EFCC13E7D52FA89A702DD787F5A7D3BB,Accessoire(s) de décoration,76B4F390D2C1B4BEBBCC6DB962936656,18/02/2015 13:51:24,€,9387D31529940035B046758825DED84F,4579B0511A0E6319628FFC17CC6B3998,83,601,24948_Lidlfr_promo_601_14499,Lidl.fr_promo,24948_Lidlfr_promo,24948,http://www.Lidl.fr/fr/offres-513.htm?id=592,,,,
25107_Lidlfr_promo_601_14499,Nos offres/Mercredi 25/02|Savoie/Mercredi 25/02,2 x 125 g,Yaourt de Savoie à la praline rose,25107_Lidlfr_promo,1 kg = 5.56 €,25107_Lidlfr_promo_601,127,<strong class="price pricebutton" style="                color:#007d9b;            "> € 1.39  2 x 125 g  1 kg = 5.56 €,14,1.39,14499,9B09C5650BA851831C3B000DACD78E72,Yaourt de Savoie à la praline rose,D22EE8BB3B2A778C54F9A4A0F3318190,18/02/2015 13:51:38,€,81F08E252FC4359C7438C200F634A196,B76226C0B9542B5FA7C4FF56FF755802,83,601,25107_Lidlfr_promo_601_14499,Lidl.fr_promo,25107_Lidlfr_promo,25107,http://www.Lidl.fr/fr/offres-513.htm?id=596,,,,
25109_Lidlfr_promo_601_14499,Nos offres/Mercredi 25/02|Savoie/Mercredi 25/02,70 cl,Absinthe,25109_Lidlfr_promo,1 L = 24.27 €,25109_Lidlfr_promo_601,127,<strong class="price pricebutton" style="                color:#007d9b;            "> € 16.99  70 cl  1 L = 24.27 €,16,16.99,14499,9D9039724E8B326C6874301408B99744,Absinthe,90F3A2552AE4DC2E9048BFF088E28003,18/02/2015 13:51:39,€,9E74C07B04424DCA4CA8D892579328A2,B759459D85D5C74EBD26499BBDB165E1,83,601,25109_Lidlfr_promo_601_14499,Lidl.fr_promo,25109_Lidlfr_promo,25109,http://www.Lidl.fr/fr/offres-513.htm?id=596,,,,
25110_Lidlfr_promo_601_14499,Nos offres/Mercredi 25/02|Savoie/Mercredi 25/02,70 cl,Génépi des Alpes,25110_Lidlfr_promo,1 L = 17.13 €,25110_Lidlfr_promo_601,127,<strong class="price pricebutton" style="                color:#007d9b;            "> € 11.99  70 cl  1 L = 17.13 €,17,11.99,14499,9441EA925ECE7DD9CC0B79AC23339D56,Génépi des Alpes,CB29D01AE5FBDC817466D28CE75D2B43,18/02/2015 13:51:39,€,23AB03754BCE7186F505758A0719C009,C14D241ACBC5861CFB8BD95CF2535812,83,601,25110_Lidlfr_promo_601_14499,Lidl.fr_promo,25110_Lidlfr_promo,25110,http://www.Lidl.fr/fr/offres-513.htm?id=596,,,,
25099_Lidlfr_promo_601_14499,Nos offres/Mercredi 25/02|Savoie/Mercredi 25/02,300 g,Tartiflette au reblochon de Savoie AOP Label Rouge,25099_Lidlfr_promo,1 kg = 9.97 €,25099_Lidlfr_promo_601,127,<strong class="price pricebutton" style="                color:#007d9b;            "> € 2.99  300 g  1 kg = 9.97 €,6,2.99,14499,4DFD030781C51DAC5AEF911752EA0AA9,Tartiflette au reblochon de Savoie AOP Label Rouge,8BAA6386E2CBB45553F67804B9573201,18/02/2015 13:51:36,€,CC71F91F92623FFE7C0B771530A105BC,BC4647BDDD46EE572310781A51030572,83,601,25099_Lidlfr_promo_601_14499,Lidl.fr_promo,25099_Lidlfr_promo,25099,http://www.Lidl.fr/fr/offres-513.htm?id=596,,,,
25101_Lidlfr_promo_601_14499,Nos offres/Mercredi 25/02|Savoie/Mercredi 25/02,350 g,Tarte flambée recette raclette,25101_Lidlfr_promo,1 kg = 7.11 €,25101_Lidlfr_promo_601,127,<strong class="price pricebutton" style="                color:#007d9b;            "> € 2.49  350 g  1 kg = 7.11 €,8,2.49,14499,0D390C4900814707391215D4A5E60BF6,Tarte flambée recette raclette,E8600418DAA08B930D5830C5D4442E6D,18/02/2015 13:51:37,€,33754904404CA43422B6757EF9806F93,940222ADE2401C27CF112992065C8877,83,601,25101_Lidlfr_promo_601_14499,Lidl.fr_promo,25101_Lidlfr_promo,25101,http://www.Lidl.fr/fr/offres-513.htm?id=596,,,,
25013_Lidlfr_promo_601_14499,Nos offres/Lundi 23/02|Extérieur/Lundi 23/02,Le pot de 5 L,Lasure déco longue durée,25013_Lidlfr_promo,1 L = 2.59 €,25013_Lidlfr_promo_601,126,<strong class="price pricebutton" style="                color:#4b650d;            "> € 12.99  Le pot de 5 L  1 L = 2.59 €,3,12.99,14499,29A5B314A169C686578D6DB70D085FF2,Lasure déco longue durée,9BA82B468FFD6889B1C66D3C34E0EFF3,18/02/2015 13:51:29,€,BDAC8813B1DFEE45A0C26A65C4F36A48,7DAC0F8F86AFC0DB7F7854D370346127,83,601,25013_Lidlfr_promo_601_14499,Lidl.fr_promo,25013_Lidlfr_promo,25013,http://www.Lidl.fr/fr/offres-513.htm?id=594,,,,
25015_Lidlfr_promo_601_14499,Nos offres/Lundi 23/02|Extérieur/Lundi 23/02,Le set au choix,Set de pinceaux,25015_Lidlfr_promo,,25015_Lidlfr_promo_601,126,<strong class="price pricebutton" style="                color:#4b650d;            "> € 7.99  Le set au choix,5,7.99,14499,90E795C57E39768FC257ED2097F19CC0,Set de pinceaux,1E9CAC9CE3DFA5CCFB935B2423768854,18/02/2015 13:51:30,€,59A139F220BA20C7EE0833BFA16C0064,05204FDF0A9A07A4EAC25EC99AF7AE24,83,601,25015_Lidlfr_promo_601_14499,Lidl.fr_promo,25015_Lidlfr_promo,25015,http://www.Lidl.fr/fr/offres-513.htm?id=594,,,,
25097_Lidlfr_promo_601_14499,Nos offres/Mercredi 25/02|Savoie/Mercredi 25/02,600 g,Crozets au beaufort AOP et mini diots,25097_Lidlfr_promo,1 kg = 8.82 €,25097_Lidlfr_promo_601,127,<strong class="price pricebutton" style="                color:#007d9b;            "> € 5.29  600 g  1 kg = 8.82 €,3,5.29,14499,78F449D8B9B640AF4D540CA3393F7E3C,Crozets au beaufort AOP et mini diots,65C36E62E705AF14E395DEF3C0C172E2,18/02/2015 13:51:36,€,341BC2643EDC1868A170B846CA7DB5D6,233E90F3F8794E85BC244BE259A99724,83,601,25097_Lidlfr_promo_601_14499,Lidl.fr_promo,25097_Lidlfr_promo,25097,http://www.Lidl.fr/fr/offres-513.htm?id=596,,,,
25112_Lidlfr_promo_601_14499,Nos offres/Mercredi 25/02|Savoie/Mercredi 25/02,600 g,Gratin savoyard au beaufort AOP et mini diots,25112_Lidlfr_promo,1 kg = 8.32 €,25112_Lidlfr_promo_601,127,<strong class="price pricebutton" style="                color:#007d9b;            "> € 4.99  600 g  1 kg = 8.32 €,4,4.99,14499,50AE4B3AE29D36F38E2566DE5BC15CA3,Gratin savoyard au beaufort AOP et mini diots,E406C03F2006D5B45C7E5195BAC4EC5C,18/02/2015 13:51:36,€,ACE3E28F2EDFA3CC96521482EDC39A56,F02E21C27440AEF2E5C495CE615279E3,83,601,25112_Lidlfr_promo_601_14499,Lidl.fr_promo,25112_Lidlfr_promo,25112,http://www.Lidl.fr/fr/offres-513.htm?id=596,,,,
25103_Lidlfr_promo_601_14499,Nos offres/Mercredi 25/02|Savoie/Mercredi 25/02,325 g,Tarte aux 3 fromages savoyards,25103_Lidlfr_promo,1 kg = 12.28 €,25103_Lidlfr_promo_601,127,<strong class="price pricebutton" style="                color:#007d9b;            "> € 3.99  325 g  1 kg = 12.28 €,10,3.99,14499,05D22859D6CFFBA059DB9C03EE4A6E11,Tarte aux 3 fromages savoyards,44E493575EED15E7537B91F47FC4712F,18/02/2015 13:51:37,€,51DC2BB9C169823C19E93A3BE1C18CFE,D82604DE52C7A4C0D104443D90790B81,83,601,25103_Lidlfr_promo_601_14499,Lidl.fr_promo,25103_Lidlfr_promo,25103,http://www.Lidl.fr/fr/offres-513.htm?id=596,,,,
25105_Lidlfr_promo_601_14499,Nos offres/Mercredi 25/02|Savoie/Mercredi 25/02,300 g,Tomme de Savoie IGP,25105_Lidlfr_promo,1 kg = 10.30 €,25105_Lidlfr_promo_601,127,<strong class="price pricebutton" style="                color:#007d9b;            "> € 3.09  300 g  1 kg = 10.30 €,12,3.09,14499,ADAC402393CA32366B79E602A499A8C4,Tomme de Savoie IGP,18B5AF287C8BFD7C3174BCE9B3697F26,18/02/2015 13:51:38,€,8B1460037E16CAF63E62A337A00C01CB,DA29469A4B6418140138895517BE93C4,83,601,25105_Lidlfr_promo_601_14499,Lidl.fr_promo,25105_Lidlfr_promo,25105,http://www.Lidl.fr/fr/offres-513.htm?id=596,,,,
25017_Lidlfr_promo_601_14499,Nos offres/Lundi 23/02|Extérieur/Lundi 23/02,L'unité,Pulvérisateur à pression,25017_Lidlfr_promo,,25017_Lidlfr_promo_601,126,<strong class="price pricebutton" style="                color:#4b650d;            "> € 3.99  L'unité,7,3.99,14499,F67C5529EAAE30C012301FAD5CBAA27C,Pulvérisateur à pression,CFD86DA4D50689EBAE5F6D9DAC408A02,18/02/2015 13:51:30,€,1C7367AEB2026DD729B1A35D4FC6E12D,DB4AF40394D17C2399D9B2BECF0A961D,83,601,25017_Lidlfr_promo_601_14499,Lidl.fr_promo,25017_Lidlfr_promo,25017,http://www.Lidl.fr/fr/offres-513.htm?id=594,,,,
25019_Lidlfr_promo_601_14499,Nos offres/Lundi 23/02|Extérieur/Lundi 23/02,L'unité au choix,Jardinière avec niveau d'eau,25019_Lidlfr_promo,,25019_Lidlfr_promo_601,126,<strong class="price pricebutton" style="                color:#4b650d;            "> à partir de  € 4.99  L'unité au choix,10,4.99,14499,DF383F1C110F67D15BBF65FDC0EE7306,Jardinière avec niveau d'eau,6107F82E644D9F28A6DF9F6C9E5A3308,18/02/2015 13:51:31,€,C87BED85B441B25C0C299221A2ED730A,112473807DF45853E16204788CE21E2C,83,601,25019_Lidlfr_promo_601_14499,Lidl.fr_promo,25019_Lidlfr_promo,25019,http://www.Lidl.fr/fr/offres-513.htm?id=594,,,,
25011_Lidlfr_promo_601_14499,Nos offres/Lundi 23/02|Extérieur/Lundi 23/02,L'aérosol de 400 ml,Peinture de protection pour métaux,25011_Lidlfr_promo,1 L = 7.47 €,25011_Lidlfr_promo_601,126,<strong class="price pricebutton" style="                color:#4b650d;            "> € 2.99  L'aérosol de 400 ml  1 L = 7.47 €,1,2.99,14499,88D6E70BCF3AD2B32B0599B306168897,Peinture de protection pour métaux,B889DC134A7AEC7AEF25E7C54DFC6FC7,18/02/2015 13:51:29,€,8F05B92C3AFC2E4B8805DEF49C17E834,68E3BF852693AD8A72F32FDFE50DC6D4,83,601,25011_Lidlfr_promo_601_14499,Lidl.fr_promo,25011_Lidlfr_promo,25011,http://www.Lidl.fr/fr/offres-513.htm?id=594,,,,
25095_Lidlfr_promo_601_14499,Nos offres/Mercredi 25/02|Savoie/Mercredi 25/02,3 x 180 g,Assortiment de 3 terrines savoyardes,25095_Lidlfr_promo,1 kg = 4.61 €,25095_Lidlfr_promo_601,127,<strong class="price pricebutton" style="                color:#007d9b;            "> € 2.49  3 x 180 g  1 kg = 4.61 €,1,2.49,14499,959A6977DB6BA4B53BF16AC5F23901E0,Assortiment de 3 terrines savoyardes,08895267A664CD737E36E9CC6EBE2AC5,18/02/2015 13:51:35,€,CB3DCA46F49E4FAA370FE2F26AA137E4,875FFA7F896A4DA039E296E2D1F54937,83,601,25095_Lidlfr_promo_601_14499,Lidl.fr_promo,25095_Lidlfr_promo,25095,http://www.Lidl.fr/fr/offres-513.htm?id=596,,,,
25020_Lidlfr_promo_601_14499,Nos offres/Lundi 23/02|Extérieur/Lundi 23/02,L'unité au choix,Paillasson,25020_Lidlfr_promo,,25020_Lidlfr_promo_601,126,<strong class="price pricebutton" style="                color:#4b650d;            "> € 2.99  L'unité au choix,11,2.99,14499,57F8CFCAC28C6E89F2EDAC948239AA40,Paillasson,4BBB6235FD7666CDD4496D3C1B5DE760,18/02/2015 13:51:31,€,F9761D1FCF69B3C42E96A6B545D93EDA,39E947EB63C8BAC0A911B23AC881C9BB,83,601,25020_Lidlfr_promo_601_14499,Lidl.fr_promo,25020_Lidlfr_promo,25020,http://www.Lidl.fr/fr/offres-513.htm?id=594,,,,
24933_Lidlfr_promo_601_14499,Nos promos/Moins cher,La bouteille de 1 L,Pur jus de 4 agrumes,24933_Lidlfr_promo,,24933_Lidlfr_promo_601,130,<small class="pricecut" style="                color:#e52031;                            background-color:#ffffff;                            border:1px solid #e52031;            "> -20% <em class="priceold" style="                border-left: 2px solid #e52031;            "> 0.99   <small class="specialdesc" style="                background-color: #e52031;            ">18/02 - 24/02  <strong class="price pricebutton" style="                color:#e52031;            "> € 0.79    La bouteille de 1 L,10,0.79,14499,000D562AFB77B582CA15F738F4F353F6,Pur jus de 4 agrumes,F53DB7227E08F25DC943359A665EC082,18/02/2015 13:51:57,€,28FE997BFB31A02DCE808D476363D628,942DAAC277DACED487D09DDCBE753D73,83,601,24933_Lidlfr_promo_601_14499,Lidl.fr_promo,24933_Lidlfr_promo,24933,http://www.Lidl.fr/fr/moins-cher.htm,-20%,18/02 - 24/02,0.99,
24935_Lidlfr_promo_601_14499,Nos promos/Moins cher,75 cl,Côtes de Bordeaux AOP,24935_Lidlfr_promo,1 L = 2.79 €,24935_Lidlfr_promo_601,130,<small class="pricecut" style="                color:#e52031;                            background-color:#ffffff;                            border:1px solid #e52031;            "> -22% <em class="priceold" style="                border-left: 2px solid #e52031;            "> 2.69   <small class="specialdesc" style="                background-color: #e52031;            ">18/02 - 24/02  <strong class="price pricebutton" style="                color:#e52031;            "> € 2.09    75 cl  1 L = 2.79 €,12,2.09,14499,57094FABF183A9D10DDA4D23E5755402,Côtes de Bordeaux AOP,3723B1F1F71E27036C7CDED8076AA7B0,18/02/2015 13:51:57,€,90A9FE621D870F71334F5E0CF750601C,546B5E6A6DFE42925B8A87EBCAC1A9CB,83,601,24935_Lidlfr_promo_601_14499,Lidl.fr_promo,24935_Lidlfr_promo,24935,http://www.Lidl.fr/fr/moins-cher.htm,-22%,18/02 - 24/02,2.69,
25161_Lidlfr_promo_601_14499,Nos promos/Moins cher,180 g,Jambon supérieur,25161_Lidlfr_promo,1 kg = 6.61 €,25161_Lidlfr_promo_601,130,<small class="pricecut" style="                color:#e52031;                            background-color:#ffffff;                            border:1px solid #e52031;            "> -20% <em class="priceold" style="                border-left: 2px solid #e52031;            "> 1.49   <small class="specialdesc" style="                background-color: #e52031;            ">25/02 - 03/03  <strong class="price pricebutton" style="                color:#e52031;            "> € 1.19    180 g  1 kg = 6.61 €,16,1.19,14499,AA17845B1092E3B9E0AFF71E001946D8,Jambon supérieur,641B9C555176EC531AB643DACD696FBA,18/02/2015 13:51:57,€,8EBF81E326E1266C6AD35E105B9490C0,A7A6B51B4DA2A493F024AAC42D94C7CD,83,601,25161_Lidlfr_promo_601_14499,Lidl.fr_promo,25161_Lidlfr_promo,25161,http://www.Lidl.fr/fr/moins-cher.htm,-20%,25/02 - 03/03,1.49,
25163_Lidlfr_promo_601_14499,Nos promos/Moins cher,100 g,Jambon de Bayonne IGP,25163_Lidlfr_promo,1 kg = 12.90 €,25163_Lidlfr_promo_601,130,<small class="pricecut" style="                color:#e52031;                            background-color:#ffffff;                            border:1px solid #e52031;            "> -13% <em class="priceold" style="                border-left: 2px solid #e52031;            "> 1.49   <small class="specialdesc" style="                background-color: #e52031;            ">25/02 - 03/03  <strong class="price pricebutton" style="                color:#e52031;            "> € 1.29    100 g  1 kg = 12.90 €,18,1.29,14499,2E0E11AC8BA8C3C65AF7C9249CEC1C85,Jambon de Bayonne IGP,85EB9B13E2BAD105F6EC4D322AEE64AC,18/02/2015 13:51:57,€,36EBD61BEA7181C928EBFCF993EF58EF,7E4DDECD5564E9FE8A83E41821797CA3,83,601,25163_Lidlfr_promo_601_14499,Lidl.fr_promo,25163_Lidlfr_promo,25163,http://www.Lidl.fr/fr/moins-cher.htm,-13%,25/02 - 03/03,1.49,
25165_Lidlfr_promo_601_14499,Nos promos/Moins cher,2 x 400 g,Raclette en tranchettes,25165_Lidlfr_promo,1 kg = 5.49 €,25165_Lidlfr_promo_601,130,<small class="pricecut" style="                color:#e52031;                            background-color:#ffffff;                            border:1px solid #e52031;            "> -17% <em class="priceold" style="                border-left: 2px solid #e52031;            "> 5.29   <small class="specialdesc" style="                background-color: #e52031;            ">25/02 - 03/03  <strong class="price pricebutton" style="                color:#e52031;            "> € 4.39    2 x 400 g  1 kg = 5.49 €,20,4.39,14499,08070F0E248094FDA18E877112E04BD5,Raclette en tranchettes,6B942AE656737C332417D080703BEEC6,18/02/2015 13:51:58,€,3120365DF76B94C91DFD701E7E2C44E8,3773B6CF600F775304F7489130B3D7D1,83,601,25165_Lidlfr_promo_601_14499,Lidl.fr_promo,25165_Lidlfr_promo,25165,http://www.Lidl.fr/fr/moins-cher.htm,-17%,25/02 - 03/03,5.29,
25167_Lidlfr_promo_601_14499,Nos promos/Moins cher,250 g,Morbier au lait cru AOP,25167_Lidlfr_promo,1 kg = 6.76 €,25167_Lidlfr_promo_601,130,<small class="pricecut" style="                color:#e52031;                            background-color:#ffffff;                            border:1px solid #e52031;            "> -21% <em class="priceold" style="                border-left: 2px solid #e52031;            "> 2.15   <small class="specialdesc" style="                background-color: #e52031;            ">25/02 - 03/03  <strong class="price pricebutton" style="                color:#e52031;            "> € 1.69    250 g  1 kg = 6.76 €,22,1.69,14499,EF02DA050CDE2B8991927575E900036D,Morbier au lait cru AOP,060BD3B4B122E4D7631C2C564A0887B1,18/02/2015 13:51:58,€,96CF9773FA7A3DAABCD54CF1C2A84BD5,25485DF232E188A3F3E514EE1C9DE020,83,601,25167_Lidlfr_promo_601_14499,Lidl.fr_promo,25167_Lidlfr_promo,25167,http://www.Lidl.fr/fr/moins-cher.htm,-21%,25/02 - 03/03,2.15,
25169_Lidlfr_promo_601_14499,Nos promos/Moins cher,350 g au choix,Lunettes de Romans,25169_Lidlfr_promo,1 kg = 4.54 €,25169_Lidlfr_promo_601,130,<small class="pricecut" style="                color:#e52031;                            background-color:#ffffff;                            border:1px solid #e52031;            "> -20% <em class="priceold" style="                border-left: 2px solid #e52031;            "> 1.99   <small class="specialdesc" style="                background-color: #e52031;            ">25/02 - 03/03  <strong class="price pricebutton" style="                color:#e52031;            "> € 1.59    350 g au choix  1 kg = 4.54 €,24,1.59,14499,7622480D02051EE4117E73638419A446,Lunettes de Romans,E8D787718C39CF7D1284016FBE195B97,18/02/2015 13:51:58,€,CFA97A39727DDC9234FA7DA70E985613,8DE251FEAE057B8675FB551E684A295C,83,601,25169_Lidlfr_promo_601_14499,Lidl.fr_promo,25169_Lidlfr_promo,25169,http://www.Lidl.fr/fr/moins-cher.htm,-20%,25/02 - 03/03,1.99,
25170_Lidlfr_promo_601_14499,Nos promos/Moins cher,8 x 100 g au choix,Fromage blanc,25170_Lidlfr_promo,1 kg = 1.56 €,25170_Lidlfr_promo_601,130,<small class="pricecut" style="                color:#e52031;                            background-color:#ffffff;                            border:1px solid #e52031;            "> -19% <em class="priceold" style="                border-left: 2px solid #e52031;            "> 1.55   <small class="specialdesc" style="                background-color: #e52031;            ">25/02 - 03/03  <strong class="price pricebutton" style="                color:#e52031;            "> € 1.25    8 x 100 g au choix  1 kg = 1.56 €,25,1.25,14499,5FD737F1618B4F78172570D6E63444CF,Fromage blanc,2B91FED5608FB330D30871B702185A99,18/02/2015 13:51:58,€,EAAE9FA30ADDEBDCE7C5C08547FB75E2,4D70135CF4B09E7B072F9F78863F2600,83,601,25170_Lidlfr_promo_601_14499,Lidl.fr_promo,25170_Lidlfr_promo,25170,http://www.Lidl.fr/fr/moins-cher.htm,-19%,25/02 - 03/03,1.55,
24917_Lidlfr_promo_601_14499,Nos promos/Moins cher,800 g,Pilons de poulet,24917_Lidlfr_promo,1 kg = 3.74 €,24917_Lidlfr_promo_601,130,<small class="pricecut" style="                color:#e52031;                            background-color:#ffffff;                            border:1px solid #e52031;            "> -18% <em class="priceold" style="                border-left: 2px solid #e52031;            "> 3.69   <small class="specialdesc" style="                background-color: #e52031;            ">18/02 - 24/02  <strong class="price pricebutton" style="                color:#e52031;            "> € 2.99    800 g  1 kg = 3.74 €,1,2.99,14499,E2AFA81B43B2621A06797F0F2706B2A5,Pilons de poulet,65E1BF3E93FF455E900B5EA38990B812,18/02/2015 13:51:56,€,ECA993F4068BDACD5A303112DA637F9D,905FB31E485E7F2FAD5CBA1F425D72E6,83,601,24917_Lidlfr_promo_601_14499,Lidl.fr_promo,24917_Lidlfr_promo,24917,http://www.Lidl.fr/fr/moins-cher.htm,-18%,18/02 - 24/02,3.69,
24919_Lidlfr_promo_601_14499,Nos promos/Moins cher,6 x 130 g,6 cheeseburgers au bœuf,24919_Lidlfr_promo,1 kg = 3.83 €,24919_Lidlfr_promo_601,130,<small class="pricecut" style="                color:#e52031;                            background-color:#ffffff;                            border:1px solid #e52031;            "> -18% <em class="priceold" style="                border-left: 2px solid #e52031;            "> 3.69   <small class="specialdesc" style="                background-color: #e52031;            ">18/02 - 24/02  <strong class="price pricebutton" style="                color:#e52031;            "> € 2.99    6 x 130 g  1 kg = 3.83 €,3,2.99,14499,69149D37C7E6C2F75766303B33B659E6,6 cheeseburgers au bœuf,F6D4742A9CA5906E19E8F4408A69F3A8,18/02/2015 13:51:56,€,3B5BE59F173C903A557E8A0662B2EC71,3A451D508BE07D684C2FACE70E6ECF9D,83,601,24919_Lidlfr_promo_601_14499,Lidl.fr_promo,24919_Lidlfr_promo,24919,http://www.Lidl.fr/fr/moins-cher.htm,-18%,18/02 - 24/02,3.69,
24920_Lidlfr_promo_601_14499,Nos promos/Moins cher,2 x 150 g au choix,2 cheeseburgers,24920_Lidlfr_promo,1 kg = 5.30 €,24920_Lidlfr_promo_601,130,<small class="pricecut" style="                color:#e52031;                            background-color:#ffffff;                            border:1px solid #e52031;            "> -20% <em class="priceold" style="                border-left: 2px solid #e52031;            "> 1.99   <small class="specialdesc" style="                background-color: #e52031;            ">18/02 - 24/02  <strong class="price pricebutton" style="                color:#e52031;            "> € 1.59    2 x 150 g au choix  1 kg = 5.30 €,4,1.59,14499,121D366A4863D7DE2B08EA025830272C,2 cheeseburgers,05E11063C3D456F22421937931521CE4,18/02/2015 13:51:57,€,459E49EC1C0D1CDB1227F49B5092B68D,F00C0EEB95F5A928C3814BC3B3EE962B,83,601,24920_Lidlfr_promo_601_14499,Lidl.fr_promo,24920_Lidlfr_promo,24920,http://www.Lidl.fr/fr/moins-cher.htm,-20%,18/02 - 24/02,1.99,
24922_Lidlfr_promo_601_14499,Nos promos/Moins cher,Soit le lot de 2 x 275 g,Le Rustique camembert,24922_Lidlfr_promo,1 kg = 4.22 €,24922_Lidlfr_promo_601,130,<small class="pricecut" style="                color:#e52031;                            background-color:#ffffff;                            border:1px solid #e52031;            "> -50% sur le 2ème  <small class="specialdesc" style="                background-color: #e52031;            ">18/02 - 24/02  <strong class="price pricebutton" style="                color:#e52031;            "> € 2.32    Soit le lot de 2 x 275 g  1 kg = 4.22 €,6,2.32,14499,17481297B39A5D04B768C97419A474DD,Le Rustique camembert,6C903D0B8975EC886AE636B41FCE3211,18/02/2015 13:51:57,€,EDDDC6DCE5B38F0B088418955FA77ED9,4BADF6FCE1FB568BA4D71E1645E5DA27,83,601,24922_Lidlfr_promo_601_14499,Lidl.fr_promo,24922_Lidlfr_promo,24922,http://www.Lidl.fr/fr/moins-cher.htm,-50% sur le 2ème,18/02 - 24/02,,
24931_Lidlfr_promo_601_14499,Nos promos/Moins cher,4 x 80 g au choix,Mousse liégeoise,24931_Lidlfr_promo,1 kg = 2.47 €,24931_Lidlfr_promo_601,130,<small class="pricecut" style="                color:#e52031;                            background-color:#ffffff;                            border:1px solid #e52031;            "> -20% <em class="priceold" style="                border-left: 2px solid #e52031;            "> 0.99   <small class="specialdesc" style="                background-color: #e52031;            ">18/02 - 24/02  <strong class="price pricebutton" style="                color:#e52031;            "> € 0.79    4 x 80 g au choix  1 kg = 2.47 €,8,0.79,14499,8AD792E316A56133F68E8493F0CF1D2D,Mousse liégeoise,D95A163D4E6E2231A10F6F931CF1D8BC,18/02/2015 13:51:57,€,280A54843382FA500ED7FB26702E3FE0,474E406FC68C5E3F0BCE9A7206CDEF5E,83,601,24931_Lidlfr_promo_601_14499,Lidl.fr_promo,24931_Lidlfr_promo,24931,http://www.Lidl.fr/fr/moins-cher.htm,-20%,18/02 - 24/02,0.99,
25143_Lidlfr_promo_601_14499,Nos offres/Mercredi 25/02|Viandes de bœuf/Mercredi 25/02,10 x 100 g,Steaks hachés pur bœuf,25143_Lidlfr_promo,,25143_Lidlfr_promo_601,128,<strong class="price pricebutton" style="                color:#eb212e;            "> € 5.17  10 x 100 g,6,5.17,14499,4BB670914E64ED1E0CC333529C8A96C1,Steaks hachés pur bœuf,14D900D899840C446DA5D64544C49B5B,18/02/2015 13:51:44,€,E2B112888D97BE3D85846F4F6A193098,BFC58C81E954A4EE8722992437A86D9D,83,601,25143_Lidlfr_promo_601_14499,Lidl.fr_promo,25143_Lidlfr_promo,25143,http://www.Lidl.fr/fr/offres-513.htm?id=597,,,,
25145_Lidlfr_promo_601_14499,Nos offres/Mercredi 25/02|Viandes de bœuf/Mercredi 25/02,8 x 125 g,Steaks hachés façon bouchère pur bœuf,25145_Lidlfr_promo,,25145_Lidlfr_promo_601,128,<strong class="price pricebutton" style="                color:#eb212e;            "> € 7.29  8 x 125 g,8,7.29,14499,082D6B069DC624A2FE46348B1ECDFD9B,Steaks hachés façon bouchère pur bœuf,4D722781C425B11ED7C101646CA1B4F0,18/02/2015 13:51:44,€,CAF67999555CFEA405166A83529D4F5B,BE419CDF098BAE8C8530EA4F19AF3837,83,601,25145_Lidlfr_promo_601_14499,Lidl.fr_promo,25145_Lidlfr_promo,25145,http://www.Lidl.fr/fr/offres-513.htm?id=597,,,,
25172_Lidlfr_promo_601_14499,Nos promos/Moins cher,La bouteille de 1 L,Rhum blanc traditionnel des Antilles,25172_Lidlfr_promo,,25172_Lidlfr_promo_601,130,<small class="pricecut" style="                color:#e52031;                            background-color:#ffffff;                            border:1px solid #e52031;            "> -20% <em class="priceold" style="                border-left: 2px solid #e52031;            "> 14.49   <small class="specialdesc" style="                background-color: #e52031;            ">25/02 - 03/03  <strong class="price pricebutton" style="                color:#e52031;            "> € 11.59    La bouteille de 1 L,27,11.59,14499,CA8A2B29D751296D1F3CC6D429534E23,Rhum blanc traditionnel des Antilles,B1F35648E94C048F07C952EA9D7C7AB6,18/02/2015 13:51:58,€,05E52134F92BBDFB9BFABCF31910CB7F,A2A12471535005FFEF2984CFA21C8EDA,83,601,25172_Lidlfr_promo_601_14499,Lidl.fr_promo,25172_Lidlfr_promo,25172,http://www.Lidl.fr/fr/moins-cher.htm,-20%,25/02 - 03/03,14.49,
25035_Lidlfr_promo_601_14499,Nos promos/Super samedi,750 g,Paupiettes de porc,25035_Lidlfr_promo,1 kg = 5.32 €,25035_Lidlfr_promo_601,131,<small class="pricecut" style="                color:#e52031;                            background-color:#ffffff;                            border:1px solid #e52031;            "> -22% <em class="priceold" style="                border-left: 2px solid #e52031;            "> 5.15   <small class="specialdesc" style="                background-color: #e52031;            ">21/02 - 21/02  <strong class="price pricebutton" style="                color:#e52031;            "> € 3.99    750 g  1 kg = 5.32 €,2,3.99,14499,380351962ED7C0BABC6EF876060DB46D,Paupiettes de porc,6E403AC08E40C29CC8ADEB055AD9A643,18/02/2015 13:52:01,€,3A5D1C4B206B6989F1DDC4B9A4C6D182,099E842AF821E68C6B90D20DDCFC0FC8,83,601,25035_Lidlfr_promo_601_14499,Lidl.fr_promo,25035_Lidlfr_promo,25035,http://www.Lidl.fr/fr/super-samedi.htm,-22%,21/02 - 21/02,5.15,
25044_Lidlfr_promo_601_14499,Nos promos/Fruits & légumes,La barquette de 1 kg,Carottes des sables,25044_Lidlfr_promo,,25044_Lidlfr_promo_601,132,<small class="specialdesc" style="                background-color: #f1830c;            ">18/02 - 21/02  <strong class="price pricebutton" style="                color:#cf6d04;            "> € 1.29    La barquette de 1 kg,4,1.29,14499,B81E4A7A79BFC758E87CFE0AD0F8D53E,Carottes des sables,E7C5C3D290ECDAB1501C7ABF5D32EBDE,18/02/2015 13:52:04,€,1614D919CE9034DB07B413933ED792FB,BCEA8E33F6A05964BDF4AC26C1AA89CF,83,601,25044_Lidlfr_promo_601_14499,Lidl.fr_promo,25044_Lidlfr_promo,25044,http://www.Lidl.fr/fr/fruits-legumes.htm,,18/02 - 21/02,,
25147_Lidlfr_promo_601_14499,Nos offres/Mercredi 25/02|Viandes de bœuf/Mercredi 25/02,30 x 30 g,Boulettes au bœuf,25147_Lidlfr_promo,1 kg = 4.83 €,25147_Lidlfr_promo_601,128,<strong class="price pricebutton" style="                color:#eb212e;            "> € 4.35  30 x 30 g  1 kg = 4.83 €,10,4.35,14499,B0B7B14C635DDF5F283E8DAC059745CA,Boulettes au bœuf,9E3712A4CD86F86448988CB438F6FF4D,18/02/2015 13:51:45,€,6D11FBA6EC9F10BD43B02413C12C848D,18318DA7DAE61A542729D9DA994161BE,83,601,25147_Lidlfr_promo_601_14499,Lidl.fr_promo,25147_Lidlfr_promo,25147,http://www.Lidl.fr/fr/offres-513.htm?id=597,,,,
25042_Lidlfr_promo_601_14499,Nos promos/Fruits & légumes,La pièce,Salade iceberg,25042_Lidlfr_promo,,25042_Lidlfr_promo_601,132,<small class="specialdesc" style="                background-color: #f1830c;            ">18/02 - 21/02  <strong class="price pricebutton" style="                color:#cf6d04;            "> € 0.79    La pièce,2,0.79,14499,00443201F203FFA24938B88DCA970157,Salade iceberg,CFFC95A8A8E85E85EE22699788651305,18/02/2015 13:52:04,€,147CB291461B9C49E9397A14CD380E9C,4F7E82050E79D3F6A24897B6413CB90F,83,601,25042_Lidlfr_promo_601_14499,Lidl.fr_promo,25042_Lidlfr_promo,25042,http://www.Lidl.fr/fr/fruits-legumes.htm,,18/02 - 21/02,,
25141_Lidlfr_promo_601_14499,Nos offres/Mercredi 25/02|Viandes de bœuf/Mercredi 25/02,180 g,1 entrecôte,25141_Lidlfr_promo,1 kg = 19.94 €,25141_Lidlfr_promo_601,128,<strong class="price pricebutton" style="                color:#eb212e;            "> € 3.59  180 g  1 kg = 19.94 €,4,3.59,14499,FE585529494A008DE969620533D752FC,1 entrecôte,2D3EF1CB34888771F7781230C1598C51,18/02/2015 13:51:43,€,CF9F927BE481D6D290861D1D81E9AB8C,0B7127C966FA2DC3E83D3C9651E9D9B6,83,601,25141_Lidlfr_promo_601_14499,Lidl.fr_promo,25141_Lidlfr_promo,25141,http://www.Lidl.fr/fr/offres-513.htm?id=597,,,,
24789_Lidlfr_promo_2682_14499,Nos offres/Lundi 16/02|Mode enfant/Lundi 16/02,La paire au choix,Bottes de pluie enfant,24789_Lidlfr_promo,,24789_Lidlfr_promo_2682,136,<strong class="price pricebutton" style="                color:#ee73aa;            "> € 9.99*  La paire au choix,1,9.99,14499,466FA431B04ADC4F270ECE5623BC69CD,Bottes de pluie enfant,00EAEC1F83B18A77C8B2B0DEAC6A42D8,18/02/2015 13:52:24,€,81FC51CF6A160CBD0139CE9FAA9A269A,414E181C908E9B035425E6C057C288E5,86,2682,24789_Lidlfr_promo_2682_14499,Lidl.fr_promo,24789_Lidlfr_promo,24789,http://www.Lidl.fr/fr/offres-513.htm?id=588,,,,
24790_Lidlfr_promo_2682_14499,Nos offres/Lundi 16/02|Mode enfant/Lundi 16/02,L'unité au choix,Veste imperméable garçon,24790_Lidlfr_promo,,24790_Lidlfr_promo_2682,136,<strong class="price pricebutton" style="                color:#ee73aa;            "> € 9.99  L'unité au choix,2,9.99,14499,A8B2F7E8E0A51080F80004E7B75F34DA,Veste imperméable garçon,293456C9692962E70DD7E220A4ABADCB,18/02/2015 13:52:25,€,F8C1F1028D956D80AC96BB21D77A5CA5,C573F25877C971C5CA3AA000F1EDCA35,86,2682,24790_Lidlfr_promo_2682_14499,Lidl.fr_promo,24790_Lidlfr_promo,24790,http://www.Lidl.fr/fr/offres-513.htm?id=588,,,,
24792_Lidlfr_promo_2682_14499,Nos offres/Lundi 16/02|Mode enfant/Lundi 16/02,La paire au choix,Chaussettes chaudes fille ou garçon,24792_Lidlfr_promo,,24792_Lidlfr_promo_2682,136,<strong class="price pricebutton" style="                color:#ee73aa;            "> € 1.99  La paire au choix,4,1.99,14499,FCFD99C0E0781189B40B0A50F12E9DB9,Chaussettes chaudes fille ou garçon,B50E3338389E89E220FC31FC3E00EB48,18/02/2015 13:52:25,€,1B72E38B4AC0E2C73E75456CE331E60B,A962A696F2D82CFF7B5425A562468A46,86,2682,24792_Lidlfr_promo_2682_14499,Lidl.fr_promo,24792_Lidlfr_promo,24792,http://www.Lidl.fr/fr/offres-513.htm?id=588,,,,
24973_Lidlfr_promo_601_14499,Nos promos/Plantes & fleurs,L'unité au choix,Plantes vertes,24973_Lidlfr_promo,Le 18/02,24973_Lidlfr_promo_601,133,<strong class="price pricebutton" style="                color:#f05660;            "> € 21.99  L'unité au choix  Le 18/02,1,21.99,14499,77B241215F5FB61E29B394947EB1BAD0,Plantes vertes,3C3839BA297068BD8C52BDCE7FD05F1F,18/02/2015 13:52:08,€,4D8BB6A6CAE8716D31B06D83E8A4EAF9,47AF7FCA91DD663217384FADCD58C8AB,83,601,24973_Lidlfr_promo_601_14499,Lidl.fr_promo,24973_Lidlfr_promo,24973,http://www.Lidl.fr/fr/plantes-fleurs.htm,,,,
24982_Lidlfr_promo_601_14499,Nos promos/Plantes & fleurs,L'unité au choix,Rosier grimpant en motte,24982_Lidlfr_promo,Le 21/02,24982_Lidlfr_promo_601,133,<strong class="price pricebutton" style="                color:#f05660;            "> € 2.49  L'unité au choix  Le 21/02,3,2.49,14499,03E5F0C008F26E6B209811FEBC2316B5,Rosier grimpant en motte,EECEA12C8D3205EAFD9FB77463BCCE16,18/02/2015 13:52:09,€,D65D59DC22BAC5714EC6406AF7606B7D,E945A4E090CD71ACBF4CFCC6FF54AD9C,83,601,24982_Lidlfr_promo_601_14499,Lidl.fr_promo,24982_Lidlfr_promo,24982,http://www.Lidl.fr/fr/plantes-fleurs.htm,,,,
24986_Lidlfr_promo_601_14499,Nos promos/Plantes & fleurs,L'unité,Narcisses,24986_Lidlfr_promo,Le 23/02,24986_Lidlfr_promo_601,133,<strong class="price pricebutton" style="                color:#f05660;            "> € 1.29  L'unité  Le 23/02,4,1.29,14499,DF9E31B12B1B5DE2420B0EFD2017E97D,Narcisses,E84560419793D99A20A30609352C16F1,18/02/2015 13:52:09,€,48CDEA2439139AD4793F7D338A518D88,77B1AE6BE955316D7234F2BC5A409CDD,83,601,24986_Lidlfr_promo_601_14499,Lidl.fr_promo,24986_Lidlfr_promo,24986,http://www.Lidl.fr/fr/plantes-fleurs.htm,,,,
24991_Lidlfr_promo_601_14499,Nos promos/Bonnes affaires,L'unité ou le set au choix,Jeu,24991_Lidlfr_promo,,24991_Lidlfr_promo_601,134,<small class="specialdesc" style="                background-color: #1f4fb8;            ">19/02 - 19/02  <strong class="price pricebutton" style="                color:#1f4fb8;            "> € 10.99    L'unité ou le set au choix,3,10.99,14499,5DDEF9ECF60D11AED4EFE02018C54709,Jeu,AFEAEBA021ED2E4D7272C0D421DBE044,18/02/2015 13:52:11,€,9B3C5178C5B8AE1777B3987DF98A4C1F,4B23F8DC9EB4ED500A662E396908D39B,83,601,24991_Lidlfr_promo_601_14499,Lidl.fr_promo,24991_Lidlfr_promo,24991,http://www.Lidl.fr/fr/bonnes-affaires.htm,,19/02 - 19/02,,
24993_Lidlfr_promo_601_14499,Nos promos/Bonnes affaires,L'unité ou le set au choix,Jouets d'extérieur,24993_Lidlfr_promo,,24993_Lidlfr_promo_601,134,<small class="specialdesc" style="                background-color: #1f4fb8;            ">19/02 - 19/02  <strong class="price pricebutton" style="                color:#1f4fb8;            "> € 1.99    L'unité ou le set au choix,5,1.99,14499,B1103BFC1D454B41E8837ABA503F452E,Jouets d'extérieur,437EA99480630397C278CBF55BD2E279,18/02/2015 13:52:12,€,EE7C7646D571050BDB304ECC510E0904,ECC8647B514CB6AE769B6AF99410A092,83,601,24993_Lidlfr_promo_601_14499,Lidl.fr_promo,24993_Lidlfr_promo,24993,http://www.Lidl.fr/fr/bonnes-affaires.htm,,19/02 - 19/02,,
24758_Lidlfr_promo_2682_14499,Nos offres/Lundi 16/02|Auto/Moto/Lundi 16/02,L'unité au choix,Caleçon technique de moto homme,24758_Lidlfr_promo,,24758_Lidlfr_promo_2682,137,<strong class="price pricebutton" style="                color:#f17230;            "> € 11.99  L'unité au choix,4,11.99,14499,FC9C05DE083CA107D09403273CADB41E,Caleçon technique de moto homme,12C620D5398026558AAD487455BA5276,18/02/2015 13:52:29,€,CC681A1F961171051B63E252FB8C89FA,F6423457AD5DAA885F892D5ABAC69A43,86,2682,24758_Lidlfr_promo_2682_14499,Lidl.fr_promo,24758_Lidlfr_promo,24758,http://www.Lidl.fr/fr/offres-513.htm?id=589,,,,
24761_Lidlfr_promo_2682_14499,Nos offres/Lundi 16/02|Auto/Moto/Lundi 16/02,L'unité,Top case pour scooter,24761_Lidlfr_promo,,24761_Lidlfr_promo_2682,137,<strong class="price pricebutton" style="                color:#f17230;            "> € 29.99  L'unité,6,29.99,14499,7F502620FB0B34204FF6BFB7BB130848,Top case pour scooter,D434FB1F0E3E988D9329E488C96D3870,18/02/2015 13:52:29,€,1DA8F93A405A347F2D15F4A0075E596D,C4BD5C1E2AD0C73F8682C1719013B642,86,2682,24761_Lidlfr_promo_2682_14499,Lidl.fr_promo,24761_Lidlfr_promo,24761,http://www.Lidl.fr/fr/offres-513.htm?id=589,,,,
24763_Lidlfr_promo_2682_14499,Nos offres/Lundi 16/02|Auto/Moto/Lundi 16/02,La paire au choix,Lunettes de soleil sport,24763_Lidlfr_promo,,24763_Lidlfr_promo_2682,137,<strong class="price pricebutton" style="                color:#f17230;            "> € 3.99  La paire au choix,8,3.99,14499,CFE0661780F8BB3D8929E7EB750AD581,Lunettes de soleil sport,A43A8785D9FED1CA9011BE1AA69A4902,18/02/2015 13:52:30,€,A589FDC324BE25948474F90F19F0214E,9E8375D4BEA951A9E639CF4FA7EFA3DD,86,2682,24763_Lidlfr_promo_2682_14499,Lidl.fr_promo,24763_Lidlfr_promo,24763,http://www.Lidl.fr/fr/offres-513.htm?id=589,,,,
24765_Lidlfr_promo_2682_14499,Nos offres/Lundi 16/02|Auto/Moto/Lundi 16/02,L'unité,Couvre-selle pour scooter,24765_Lidlfr_promo,,24765_Lidlfr_promo_2682,137,<strong class="price pricebutton" style="                color:#f17230;            "> € 6.99  L'unité,10,6.99,14499,B35290AA7D48EDA8FEC1BCB7997F5881,Couvre-selle pour scooter,0AEC547D39BCDA1079962C6A5348E4F9,18/02/2015 13:52:30,€,4A63EC9FF1759A28D5F3D19ED0341827,511A767823E5718ACE2B93439CD79AC2,86,2682,24765_Lidlfr_promo_2682_14499,Lidl.fr_promo,24765_Lidlfr_promo,24765,http://www.Lidl.fr/fr/offres-513.htm?id=589,,,,
24767_Lidlfr_promo_2682_14499,Nos offres/Lundi 16/02|Auto/Moto/Lundi 16/02,Le set,Câbles de démarrage aluminium,24767_Lidlfr_promo,,24767_Lidlfr_promo_2682,137,<strong class="price pricebutton" style="                color:#f17230;            "> € 9.99  Le set,12,9.99,14499,85DB49D16E5DDA6BA964EEB583C9CA2E,Câbles de démarrage aluminium,29B5DB274D55FF1029E35BB722EED48B,18/02/2015 13:52:31,€,7B83640FC2A342C63C6C0AB4830F433C,8158A29C3B5E8D4E8D591D607CFE77B0,86,2682,24767_Lidlfr_promo_2682_14499,Lidl.fr_promo,24767_Lidlfr_promo,24767,http://www.Lidl.fr/fr/offres-513.htm?id=589,,,,
24769_Lidlfr_promo_2682_14499,Nos offres/Lundi 16/02|Auto/Moto/Lundi 16/02,L'unité,Protège pare-brise,24769_Lidlfr_promo,,24769_Lidlfr_promo_2682,137,<strong class="price pricebutton" style="                color:#f17230;            "> € 1.99  L'unité,14,1.99,14499,1016AB8C711CD94605566A9C1F8D61F8,Protège pare-brise,D0682A8D3DD9E07C323D1478FA1AB90B,18/02/2015 13:52:31,€,16177140142E6B13E87E6A94A7225C6E,C113616DEDB792F022356B9A8295C00D,86,2682,24769_Lidlfr_promo_2682_14499,Lidl.fr_promo,24769_Lidlfr_promo,24769,http://www.Lidl.fr/fr/offres-513.htm?id=589,,,,
24770_Lidlfr_promo_2682_14499,Nos offres/Lundi 16/02|Auto/Moto/Lundi 16/02,L'unité au choix,Réhausseur de siège enfant gr. 2/3,24770_Lidlfr_promo,,24770_Lidlfr_promo_2682,137,<strong class="price pricebutton" style="                color:#f17230;            "> € 11.99  L'unité au choix,15,11.99,14499,30C7F19D7A8824901B6490F15B01608F,Réhausseur de siège enfant gr. 2/3,53053A175B9252A3245AE843CE245BD9,18/02/2015 13:52:32,€,9CACA8226134AC9EDF4D1FB97EB65CCD,9C677BD9EAD4EA4926C59A7D0467881D,86,2682,24770_Lidlfr_promo_2682_14499,Lidl.fr_promo,24770_Lidlfr_promo,24770,http://www.Lidl.fr/fr/offres-513.htm?id=589,,,,
24866_Lidlfr_promo_2682_14499,Nos offres/Mercredi 18/02|USA/Mercredi 18/02,450 g,Flips géants,24866_Lidlfr_promo,1 kg = 4.42 €,24866_Lidlfr_promo_2682,138,<strong class="price pricebutton" style="                color:#d83b30;            "> € 1.99  450 g  1 kg = 4.42 €,1,1.99,14499,75CE736F195E0E09E33CE8966E8F5802,Flips géants,2C7663500A16B714C5BE9F5067377BEA,18/02/2015 13:52:34,€,C53BF83A513727D13DD27D11D4EDD1C9,FC524D9465535E3F32C487236668155F,86,2682,24866_Lidlfr_promo_2682_14499,Lidl.fr_promo,24866_Lidlfr_promo,24866,http://www.Lidl.fr/fr/offres-513.htm?id=591,,,,
24756_Lidlfr_promo_2682_14499,Nos offres/Lundi 16/02|Auto/Moto/Lundi 16/02,L'unité,Atlas routier,24756_Lidlfr_promo,,24756_Lidlfr_promo_2682,137,<strong class="price pricebutton" style="                color:#f17230;            "> € 4.99  L'unité,2,4.99,14499,C66B9E5B7D1D2357A845DFA37C28DBC0,Atlas routier,5BADBACC4DEF13416132672142683A53,18/02/2015 13:52:28,€,CFAC1BCB0D98A530147090423D9F71C2,2CA59FD9C3117F138E722E13597F2B0B,86,2682,24756_Lidlfr_promo_2682_14499,Lidl.fr_promo,24756_Lidlfr_promo,24756,http://www.Lidl.fr/fr/offres-513.htm?id=589,,,,
24871_Lidlfr_promo_2682_14499,Nos offres/Mercredi 18/02|USA/Mercredi 18/02,500 g,Filets de poulet panés,24871_Lidlfr_promo,1 kg = 6.58 €,24871_Lidlfr_promo_2682,138,<strong class="price pricebutton" style="                color:#d83b30;            "> € 3.29  500 g  1 kg = 6.58 €,6,3.29,14499,C1354A0B0EC0EF1D9B09F5F75E1E714F,Filets de poulet panés,5F00E7B80DFDAEE05A7D99E7A49532ED,18/02/2015 13:52:36,€,0ED3EDCB051CE8A4F32C7DCB948F127F,4D57C8AC8153E8565A307084434A7355,86,2682,24871_Lidlfr_promo_2682_14499,Lidl.fr_promo,24871_Lidlfr_promo,24871,http://www.Lidl.fr/fr/offres-513.htm?id=591,,,,
24873_Lidlfr_promo_2682_14499,Nos offres/Mercredi 18/02|USA/Mercredi 18/02,440 g au choix,Pizza américaine,24873_Lidlfr_promo,1 kg = 4.30 €,24873_Lidlfr_promo_2682,138,<strong class="price pricebutton" style="                color:#d83b30;            "> € 1.89  440 g au choix  1 kg = 4.30 €,8,1.89,14499,E6B439804D4D1E0C0FA1528E0789493C,Pizza américaine,D2C0065DB41892701A856DE4FE4D7F1C,18/02/2015 13:52:36,€,AB0DD550D13C89208D270BA0B7B9CFB5,DF3ABFAA6336C64811B77E86B9CB17B0,86,2682,24873_Lidlfr_promo_2682_14499,Lidl.fr_promo,24873_Lidlfr_promo,24873,http://www.Lidl.fr/fr/offres-513.htm?id=591,,,,
24905_Lidlfr_promo_2682_14499,Nos offres/Mercredi 18/02|USA/Mercredi 18/02,190 g au choix,Tortilla de blé fourrée,24905_Lidlfr_promo,1 kg = 12.45 €,24905_Lidlfr_promo_2682,138,<strong class="price pricebutton" style="                color:#d83b30;            "> € 2.29  190 g au choix  1 kg = 12.45 €,9,2.29,14499,5A1D4FC08011ABFA58B5AF722004A61A,Tortilla de blé fourrée,CC62F9F4A2C9AD4A63577EA5DFC0501B,18/02/2015 13:52:36,€,98DCB7ED0EA27888407FD770768BBABF,2708FBA0DC4216AB4AB4DE1FC0C49862,86,2682,24905_Lidlfr_promo_2682_14499,Lidl.fr_promo,24905_Lidlfr_promo,24905,http://www.Lidl.fr/fr/offres-513.htm?id=591,,,,
24907_Lidlfr_promo_2682_14499,Nos offres/Mercredi 18/02|USA/Mercredi 18/02,230 ml au choix,Milkshake,24907_Lidlfr_promo,1 L = 3.43 €,24907_Lidlfr_promo_2682,138,<strong class="price pricebutton" style="                color:#d83b30;            "> € 0.79  230 ml au choix  1 L = 3.43 €,10,0.79,14499,A2E8DE8E09A1E63C52AE2B5AAE9E00FD,Milkshake,F6B7FA3B6DA58AA2745CCBE863B045C2,18/02/2015 13:52:37,€,78F364C263B63768E78486157A2DB4C3,CCD9F73A3BB415A32B0708B0821761C4,86,2682,24907_Lidlfr_promo_2682_14499,Lidl.fr_promo,24907_Lidlfr_promo,24907,http://www.Lidl.fr/fr/offres-513.htm?id=591,,,,
24879_Lidlfr_promo_2682_14499,Nos offres/Mercredi 18/02|USA/Mercredi 18/02,240 g au choix,8 mini brownies,24879_Lidlfr_promo,1 kg = 5.79 €,24879_Lidlfr_promo_2682,138,<strong class="price pricebutton" style="                color:#d83b30;            "> € 1.39  240 g au choix  1 kg = 5.79 €,15,1.39,14499,124F0E1E702734E2978A3DF91F9AF601,8 mini brownies,20C843017A1043AEC3F7F9C21FA5A558,18/02/2015 13:52:38,€,CECA95D994210847FE6A3AACEF65AA20,52B8BC3917542528942A2D02A624D123,86,2682,24879_Lidlfr_promo_2682_14499,Lidl.fr_promo,24879_Lidlfr_promo,24879,http://www.Lidl.fr/fr/offres-513.htm?id=591,,,,
24880_Lidlfr_promo_2682_14499,Nos offres/Mercredi 18/02|USA/Mercredi 18/02,150 g au choix,Préparation laitière américaine,24880_Lidlfr_promo,1 kg = 3.27 €,24880_Lidlfr_promo_2682,138,<strong class="price pricebutton" style="                color:#d83b30;            "> € 0.49  150 g au choix  1 kg = 3.27 €,16,0.49,14499,48CD93475F83DEB526CB19B8A162DF72,Préparation laitière américaine,F1A3C7E3B3B83F55F9A041F59A6F7655,18/02/2015 13:52:38,€,45EEF5E7ED5778A8D8E30113A11E3438,592F69EB8605FAF19BB15D0B370CFAC8,86,2682,24880_Lidlfr_promo_2682_14499,Lidl.fr_promo,24880_Lidlfr_promo,24880,http://www.Lidl.fr/fr/offres-513.htm?id=591,,,,
24882_Lidlfr_promo_2682_14499,Nos offres/Mercredi 18/02|USA/Mercredi 18/02,225 g au choix,Mini muffins,24882_Lidlfr_promo,1 kg = 6.62 €,24882_Lidlfr_promo_2682,138,<strong class="price pricebutton" style="                color:#d83b30;            "> € 1.49  225 g au choix  1 kg = 6.62 €,18,1.49,14499,178A57635940E289065FACF1081E328F,Mini muffins,202D2C94BEE387E8D5E30CC72CD9553F,18/02/2015 13:52:38,€,F126A7F47968F799035B005D2380F91D,32E0740FC318FC059523A2F830A5B248,86,2682,24882_Lidlfr_promo_2682_14499,Lidl.fr_promo,24882_Lidlfr_promo,24882,http://www.Lidl.fr/fr/offres-513.htm?id=591,,,,
24837_Lidlfr_promo_2682_14499,Nos offres/Jeudi 19/02|Douce nuit/Jeudi 19/02,L'unité,Oreiller ergonomique en microfibre,24837_Lidlfr_promo,,24837_Lidlfr_promo_2682,139,<strong class="price pricebutton" style="                color:#a65c9b;            "> € 8.99  L'unité,3,8.99,14499,16D26546EF541F433C228B4DD5AD3FFA,Oreiller ergonomique en microfibre,B8BE3DF27F3E376D79877F43AADF4B14,18/02/2015 13:52:43,€,8AF4FA20E06F156DC6FE6E847027B36D,E75B50AAF9E8125E58481A0CFF44B539,86,2682,24837_Lidlfr_promo_2682_14499,Lidl.fr_promo,24837_Lidlfr_promo,24837,http://www.Lidl.fr/fr/offres-513.htm?id=590,,,,
24840_Lidlfr_promo_2682_14499,Nos offres/Jeudi 19/02|Douce nuit/Jeudi 19/02,L'unité au choix,Couette en microfibre,24840_Lidlfr_promo,,24840_Lidlfr_promo_2682,139,<strong class="price pricebutton" style="                color:#a65c9b;            "> à partir de  € 12.99  L'unité au choix,4,12.99,14499,388E802435DF875E09F17C2830D3E132,Couette en microfibre,F0F50B99F51C3769979175B8C99C27B7,18/02/2015 13:52:43,€,CDF7AF70FB8831E0323CB5DD0B5FFF9A,C32E57398A4A3D95CB29CE12AE30E18F,86,2682,24840_Lidlfr_promo_2682_14499,Lidl.fr_promo,24840_Lidlfr_promo,24840,http://www.Lidl.fr/fr/offres-513.htm?id=590,,,,
24846_Lidlfr_promo_2682_14499,Nos offres/Jeudi 19/02|Douce nuit/Jeudi 19/02,L'ensemble au choix,Pyjama femme,24846_Lidlfr_promo,,24846_Lidlfr_promo_2682,139,<strong class="price pricebutton" style="                color:#a65c9b;            "> € 9.99  L'ensemble au choix,6,9.99,14499,8CC9CE6911524144D30972187EAB6BE0,Pyjama femme,DB51C82B14F809A679DAD0137585E6DB,18/02/2015 13:52:44,€,63FE5C69E33053909BC95AC4ED2D5FC7,3B5D4919C43697E04AE8F965BC07ACD1,86,2682,24846_Lidlfr_promo_2682_14499,Lidl.fr_promo,24846_Lidlfr_promo,24846,http://www.Lidl.fr/fr/offres-513.htm?id=590,,,,
24947_Lidlfr_promo_2682_14499,Nos offres/Jeudi 19/02|Maison/Jeudi 19/02,L'unité au choix,Casier à miniatures,24947_Lidlfr_promo,,24947_Lidlfr_promo_2682,140,<strong class="price pricebutton" style="                color:#f3846a;            "> € 11.99*  L'unité au choix,4,11.99,14499,0A64EE4C558BDD5B6E815B51A89E914F,Casier à miniatures,0800D6B130B464A296F313015CAE108A,18/02/2015 13:52:48,€,5CC37F84DCABF9205C7F6A267E4860EF,44AEABC3C16B195BA97B91A17DFD6F05,86,2682,24947_Lidlfr_promo_2682_14499,Lidl.fr_promo,24947_Lidlfr_promo,24947,http://www.Lidl.fr/fr/offres-513.htm?id=592,,,,
24943_Lidlfr_promo_2682_14499,Nos offres/Jeudi 19/02|Maison/Jeudi 19/02,L'unité au choix,Horloge murale rétro,24943_Lidlfr_promo,,24943_Lidlfr_promo_2682,140,<strong class="price pricebutton" style="                color:#f3846a;            "> € 4.99*  L'unité au choix,5,4.99,14499,5446D3A9F8135951E7C1C87CE3137751,Horloge murale rétro,35CEDC417E5383DC4C2F6CAD2FCD315E,18/02/2015 13:52:48,€,5BF35611610A1FC0893B164B972D3F7F,E6EC91CBA600CA785D5E02BEB0D0C8EB,86,2682,24943_Lidlfr_promo_2682_14499,Lidl.fr_promo,24943_Lidlfr_promo,24943,http://www.Lidl.fr/fr/offres-513.htm?id=592,,,,
24949_Lidlfr_promo_2682_14499,Nos offres/Jeudi 19/02|Maison/Jeudi 19/02,L'unité au choix,Tablier de cuisine,24949_Lidlfr_promo,,24949_Lidlfr_promo_2682,140,<strong class="price pricebutton" style="                color:#f3846a;            "> € 3.99  L'unité au choix,7,3.99,14499,979C77802AED623E9888DB6886021BFD,Tablier de cuisine,E04DE3C53101764D6B14D4F9566211C6,18/02/2015 13:52:49,€,AB1FE94741FD9E85D5E1E237FEDB90B2,2FF9DC13024F20C0D3CF1F9474C5A03F,86,2682,24949_Lidlfr_promo_2682_14499,Lidl.fr_promo,24949_Lidlfr_promo,24949,http://www.Lidl.fr/fr/offres-513.htm?id=592,,,,
24950_Lidlfr_promo_2682_14499,Nos offres/Jeudi 19/02|Maison/Jeudi 19/02,Le set au choix,Gant et manique,24950_Lidlfr_promo,,24950_Lidlfr_promo_2682,140,<strong class="price pricebutton" style="                color:#f3846a;            "> € 2.99  Le set au choix,8,2.99,14499,27C21BD8C93F753FF83A774B03882FFA,Gant et manique,43DB28A927BEE40E9E475F24E90E68D6,18/02/2015 13:52:49,€,389BACECBCA6F1F4863AADEE32D71F8A,EA16C8AD502B00DD6EB031B3FD35D738,86,2682,24950_Lidlfr_promo_2682_14499,Lidl.fr_promo,24950_Lidlfr_promo,24950,http://www.Lidl.fr/fr/offres-513.htm?id=592,,,,
24952_Lidlfr_promo_2682_14499,Nos offres/Jeudi 19/02|Maison/Jeudi 19/02,L'unité au choix,Coussin de chaise,24952_Lidlfr_promo,,24952_Lidlfr_promo_2682,140,<strong class="price pricebutton" style="                color:#f3846a;            "> € 4.99  L'unité au choix,10,4.99,14499,CFCDE28B44ED495CE196D3BC44D073EF,Coussin de chaise,5205FEC63B2CC87B804BE28EB30BFC57,18/02/2015 13:52:49,€,0915D21DECD5B5DE06B9A5117D1F47C6,C9CE98A38EBB27CCDB0E5083F2CFCDE7,86,2682,24952_Lidlfr_promo_2682_14499,Lidl.fr_promo,24952_Lidlfr_promo,24952,http://www.Lidl.fr/fr/offres-513.htm?id=592,,,,
24868_Lidlfr_promo_2682_14499,Nos offres/Mercredi 18/02|USA/Mercredi 18/02,200 g au choix,Cruspies,24868_Lidlfr_promo,1 kg = 4.45 €,24868_Lidlfr_promo_2682,138,<strong class="price pricebutton" style="                color:#d83b30;            "> € 0.89  200 g au choix  1 kg = 4.45 €,3,0.89,14499,44227BE6553087EE138647BA184C65B7,Cruspies,D3102DB8BD5F7E2457D085517447D5B4,18/02/2015 13:52:35,€,11A9CA09C532DA8990E2C3488E75551A,90DA3608667E990227E76560921E5FA7,86,2682,24868_Lidlfr_promo_2682_14499,Lidl.fr_promo,24868_Lidlfr_promo,24868,http://www.Lidl.fr/fr/offres-513.htm?id=591,,,,
24877_Lidlfr_promo_2682_14499,Nos offres/Mercredi 18/02|USA/Mercredi 18/02,250 ml,Sirop d'érable,24877_Lidlfr_promo,1 L = 13.96 €,24877_Lidlfr_promo_2682,138,<strong class="price pricebutton" style="                color:#d83b30;            "> € 3.49  250 ml  1 L = 13.96 €,13,3.49,14499,22D7892E667D070A72064E9C340816D2,Sirop d'érable,5FC9F9C73ADAB55DD730D78AB3DBE05A,18/02/2015 13:52:37,€,16ED8B0D8D4CDF82D40687BB4E1D424F,8F4131479DEFDE8DC2F27D096C15D72F,86,2682,24877_Lidlfr_promo_2682_14499,Lidl.fr_promo,24877_Lidlfr_promo,24877,http://www.Lidl.fr/fr/offres-513.htm?id=591,,,,
24855_Lidlfr_promo_2682_14499,Nos offres/Jeudi 19/02|Douce nuit/Jeudi 19/02,L'ensemble au choix,Pyjama fille ou garçon,24855_Lidlfr_promo,,24855_Lidlfr_promo_2682,139,<strong class="price pricebutton" style="                color:#a65c9b;            "> € 5.99  L'ensemble au choix,8,5.99,14499,9244CEBD6105E601E070DF17249EE20C,Pyjama fille ou garçon,1C235E158543BE09D135EE60D7CF725E,18/02/2015 13:52:44,€,6AB587FD052F45ABA33B1404D45FC0CF,28614D9BC22C8A1EC4B6FAFD953EF378,86,2682,24855_Lidlfr_promo_2682_14499,Lidl.fr_promo,24855_Lidlfr_promo,24855,http://www.Lidl.fr/fr/offres-513.htm?id=590,,,,
24945_Lidlfr_promo_2682_14499,Nos offres/Jeudi 19/02|Maison/Jeudi 19/02,L'unité au choix,Mini commode,24945_Lidlfr_promo,,24945_Lidlfr_promo_2682,140,<strong class="price pricebutton" style="                color:#f3846a;            "> € 9.99*  L'unité au choix,2,9.99,14499,98739508E1EEBA6326D0E5CDD3908BBB,Mini commode,3B758255352145CBD6F2D63285DA80BD,18/02/2015 13:52:47,€,3AF9189971E9A3BFD85204FDFE2161A3,E7D849AD71F30E44BED446AC00507F58,86,2682,24945_Lidlfr_promo_2682_14499,Lidl.fr_promo,24945_Lidlfr_promo,24945,http://www.Lidl.fr/fr/offres-513.htm?id=592,,,,
25139_Lidlfr_promo_2682_14499,Nos offres/Mercredi 25/02|Viandes de bœuf/Mercredi 25/02,240 g,Bifteck,25139_Lidlfr_promo,1 kg = 13.54 €,25139_Lidlfr_promo_2682,143,<strong class="price pricebutton" style="                color:#eb212e;            "> € 3.25  240 g  1 kg = 13.54 €,1,3.25,14499,2E3EEE1020B74E07FFB169357EFE904B,Bifteck,CE641EED0D3737BD9B8D438311D3571E,18/02/2015 13:53:05,€,5D8D1524C0B7905A81DAE314AE0ECFE7,077C7FB8FCF33CEC814D0BDE680AA041,86,2682,25139_Lidlfr_promo_2682_14499,Lidl.fr_promo,25139_Lidlfr_promo,25139,http://www.Lidl.fr/fr/offres-513.htm?id=597,,,,
25148_Lidlfr_promo_2682_14499,Nos offres/Mercredi 25/02|Viandes de bœuf/Mercredi 25/02,400 g,4 steaks hachés pur bœuf,25148_Lidlfr_promo,1 kg = 5.98 €,25148_Lidlfr_promo_2682,143,<small class="pricecut" style="                color:#ffffff;                            background-color:#B41E0A;                            border:1px solid #B41E0A;            "> -20% <em class="priceold" style="                border-left: 2px solid #B41E0A;            "> 2.99   <small class="specialdesc" style="                background-color: #B41E0A;            ">18/02 - 03/03  <strong class="price pricebutton" style="                color:#eb212e;            "> € 2.39    400 g  1 kg = 5.98 €,2,2.39,14499,9C6128F46A78D242EEE432DF59C4F219,4 steaks hachés pur bœuf,8BBF1E29C6F31B92BFC6B1D04769EFEA,18/02/2015 13:53:06,€,5DA686B1192ED5AD89D0A24A6707A78A,861771F24543EAB4B20BD2E057A44C39,86,2682,25148_Lidlfr_promo_2682_14499,Lidl.fr_promo,25148_Lidlfr_promo,25148,http://www.Lidl.fr/fr/offres-513.htm?id=597,-20%,18/02 - 03/03,2.99,
25140_Lidlfr_promo_2682_14499,Nos offres/Mercredi 25/02|Viandes de bœuf/Mercredi 25/02,170 g,Faux-filet,25140_Lidlfr_promo,1 kg = 17.59 €,25140_Lidlfr_promo_2682,143,<strong class="price pricebutton" style="                color:#eb212e;            "> € 2.99  170 g  1 kg = 17.59 €,3,2.99,14499,5DDB6D696DE47B9B7534A11AB2396128,Faux-filet,9EDF9F8A8AC68B4DFFB2E985289C801A,18/02/2015 13:53:06,€,98916479940B2DB431C141B36FC2A3DF,6CA2A46DDEF1AE69E6F8B205456FD3AE,86,2682,25140_Lidlfr_promo_2682_14499,Lidl.fr_promo,25140_Lidlfr_promo,25140,http://www.Lidl.fr/fr/offres-513.htm?id=597,,,,
25104_Lidlfr_promo_2682_14499,Nos offres/Mercredi 25/02|Savoie/Mercredi 25/02,720 g,4 hachés de porc savoyards,25104_Lidlfr_promo,1 kg = 6.93 €,25104_Lidlfr_promo_2682,142,<strong class="price pricebutton" style="                color:#007d9b;            "> € 4.99  720 g  1 kg = 6.93 €,11,4.99,14499,2DAB478724A84CA4F66041099010C253,4 hachés de porc savoyards,C0EB1BA6701F140C88E622950C71C117,18/02/2015 13:53:00,€,A092595C47B548CFC22E4BD01D3AF3BB,DEBCAF71BEE6F0241371E32F2620B2DD,86,2682,25104_Lidlfr_promo_2682_14499,Lidl.fr_promo,25104_Lidlfr_promo,25104,http://www.Lidl.fr/fr/offres-513.htm?id=596,,,,
25106_Lidlfr_promo_2682_14499,Nos offres/Mercredi 25/02|Savoie/Mercredi 25/02,6 x 125 g,Yaourt de Savoie "Plaisir des Alpes",25106_Lidlfr_promo,1 kg = 2.92 €,25106_Lidlfr_promo_2682,142,<strong class="price pricebutton" style="                color:#007d9b;            "> € 2.19  6 x 125 g  1 kg = 2.92 €,13,2.19,14499,BEBB6C46E59528B5EEEAD71EAF87C6DB,Yaourt de Savoie "Plaisir des Alpes",738DBB290D007108C47663BD8932BB0C,18/02/2015 13:53:01,€,D2E4FADC9CE4144F118A036FBDEC0309,7C07C57FDAC8C86EDCA57EFCDC5134A1,86,2682,25106_Lidlfr_promo_2682_14499,Lidl.fr_promo,25106_Lidlfr_promo,25106,http://www.Lidl.fr/fr/offres-513.htm?id=596,,,,
25108_Lidlfr_promo_2682_14499,Nos offres/Mercredi 25/02|Savoie/Mercredi 25/02,75 cl,Vin de Savoie Terroirs d'Exception 2014 AOP,25108_Lidlfr_promo,1 L = 5.32 €,25108_Lidlfr_promo_2682,142,<strong class="price pricebutton" style="                color:#007d9b;            "> € 3.99  75 cl  1 L = 5.32 €,15,3.99,14499,FC497958E88CBF542BD0860F5E328A45,Vin de Savoie Terroirs d'Exception 2014 AOP,9509733BF4D9315E0A4AF56983DCD39F,18/02/2015 13:53:01,€,F7FBC3D3E9BEE8F3E31D566D043DA115,97D59BBB0FA57E38380BF3415B38B044,86,2682,25108_Lidlfr_promo_2682_14499,Lidl.fr_promo,25108_Lidlfr_promo,25108,http://www.Lidl.fr/fr/offres-513.htm?id=596,,,,
25014_Lidlfr_promo_2682_14499,Nos offres/Lundi 23/02|Extérieur/Lundi 23/02,Le pot de 1 L,Peinture blanche express,25014_Lidlfr_promo,,25014_Lidlfr_promo_2682,141,<strong class="price pricebutton" style="                color:#4b650d;            "> € 5.99  Le pot de 1 L,4,5.99,14499,26CFA99510B5CE22D04AF4660985DFC8,Peinture blanche express,FD30D202E438E58A063D491EAE3CE388,18/02/2015 13:52:53,€,7B70FB07644807C9A1631B59D8864690,AD4064ED89C079795893AED6055C1A90,86,2682,25014_Lidlfr_promo_2682_14499,Lidl.fr_promo,25014_Lidlfr_promo,25014,http://www.Lidl.fr/fr/offres-513.htm?id=594,,,,
25016_Lidlfr_promo_2682_14499,Nos offres/Lundi 23/02|Extérieur/Lundi 23/02,Le pot de 25 L,Gel de protection du bois,25016_Lidlfr_promo,1 L = 3.19 €,25016_Lidlfr_promo_2682,141,<strong class="price pricebutton" style="                color:#4b650d;            "> € 7.99  Le pot de 25 L  1 L = 3.19 €,6,7.99,14499,FB9A25BA2C10024FCCE222BF224FA8EB,Gel de protection du bois,35705555C889C2F54A9DDECADAB60776,18/02/2015 13:52:54,€,E05156F443E67B1C9DEC9C73A2B855F0,7B080BAC7A1E553D6DA63936A525C619,86,2682,25016_Lidlfr_promo_2682_14499,Lidl.fr_promo,25016_Lidlfr_promo,25016,http://www.Lidl.fr/fr/offres-513.htm?id=594,,,,
25100_Lidlfr_promo_2682_14499,Nos offres/Mercredi 25/02|Savoie/Mercredi 25/02,2 x 150 g au choix,Feuilletés,25100_Lidlfr_promo,1 kg = 5.97 €,25100_Lidlfr_promo_2682,142,<strong class="price pricebutton" style="                color:#007d9b;            "> € 1.79  2 x 150 g au choix  1 kg = 5.97 €,7,1.79,14499,1D48ED27F959AD21497588BEA2593575,Feuilletés,A5E34CF4445F354C673F5C1E3069DC49,18/02/2015 13:52:59,€,FD5EC72B99A7AF050341B23E822195DE,92E84FA86A270EA72D92C0293FD678EE,86,2682,25100_Lidlfr_promo_2682_14499,Lidl.fr_promo,25100_Lidlfr_promo,25100,http://www.Lidl.fr/fr/offres-513.htm?id=596,,,,
25102_Lidlfr_promo_2682_14499,Nos offres/Mercredi 25/02|Savoie/Mercredi 25/02,300 g,Mini délices au beaufort,25102_Lidlfr_promo,1 kg = 4.97 €,25102_Lidlfr_promo_2682,142,<strong class="price pricebutton" style="                color:#007d9b;            "> € 1.49  300 g  1 kg = 4.97 €,9,1.49,14499,5B4AF43745AECBBB20F266382215B83E,Mini délices au beaufort,BFFD9F785B265E13D91172B32086C302,18/02/2015 13:53:00,€,26F368DA3ED754AE642F0A3CF5F70A19,934AE3FE682FD9B04E9A8B15DD789911,86,2682,25102_Lidlfr_promo_2682_14499,Lidl.fr_promo,25102_Lidlfr_promo,25102,http://www.Lidl.fr/fr/offres-513.htm?id=596,,,,
25018_Lidlfr_promo_2682_14499,Nos offres/Lundi 23/02|Extérieur/Lundi 23/02,L'unité ou le set au choix,Accessoire(s) de jardinage,25018_Lidlfr_promo,,25018_Lidlfr_promo_2682,141,<strong class="price pricebutton" style="                color:#4b650d;            "> € 1.99  L'unité ou le set au choix,8,1.99,14499,7A66AED3E1A8AB2D9934B83DA72C3864,Accessoire(s) de jardinage,EBA33350CD8C385D0FA909A312A7FC1A,18/02/2015 13:52:54,€,07E5688382244B757FF06B8E7DD0FF43,3E70BABF4BCFB88FF496D2F8326BA174,86,2682,25018_Lidlfr_promo_2682_14499,Lidl.fr_promo,25018_Lidlfr_promo,25018,http://www.Lidl.fr/fr/offres-513.htm?id=594,,,,
25021_Lidlfr_promo_2682_14499,Nos offres/Lundi 23/02|Extérieur/Lundi 23/02,L'unité,Sac à végétaux pliable,25021_Lidlfr_promo,,25021_Lidlfr_promo_2682,141,<strong class="price pricebutton" style="                color:#4b650d;            "> € 4.99  L'unité,9,4.99,14499,1EC0F43A4795A9E8131872CADE2DA298,Sac à végétaux pliable,088FAAE32CAC5184D5F769432A4CC5DD,18/02/2015 13:52:54,€,2B26718DFF40514C6617E3505B004BE8,4A6691C609E4D04769C91B4B6F2D5358,86,2682,25021_Lidlfr_promo_2682_14499,Lidl.fr_promo,25021_Lidlfr_promo,25021,http://www.Lidl.fr/fr/offres-513.htm?id=594,,,,
25098_Lidlfr_promo_2682_14499,Nos offres/Mercredi 25/02|Savoie/Mercredi 25/02,600 g,Tartiflette au reblochon de Savoie AOP,25098_Lidlfr_promo,1 kg = 7.98 €,25098_Lidlfr_promo_2682,142,<strong class="price pricebutton" style="                color:#007d9b;            "> € 4.79  600 g  1 kg = 7.98 €,5,4.79,14499,FA17EE6B7CF2366C4C7A986B3A0A6A14,Tartiflette au reblochon de Savoie AOP,7872007802DDF5A5BC2EDCE1F3AD750E,18/02/2015 13:52:59,€,844C2A9AE94295073B00971951705B30,1FE165377D4907F0EA45A5397520B85C,86,2682,25098_Lidlfr_promo_2682_14499,Lidl.fr_promo,25098_Lidlfr_promo,25098,http://www.Lidl.fr/fr/offres-513.htm?id=596,,,,
25012_Lidlfr_promo_2682_14499,Nos offres/Lundi 23/02|Extérieur/Lundi 23/02,Le pot de 750 ml,Peinture pour métaux,25012_Lidlfr_promo,1 L = 7.98 €,25012_Lidlfr_promo_2682,141,<strong class="price pricebutton" style="                color:#4b650d;            "> € 5.99  Le pot de 750 ml  1 L = 7.98 €,2,5.99,14499,1147B6284148FBF54F0283B589FE812E,Peinture pour métaux,406CEC6BA43EAEC727931B1B074C0C1F,18/02/2015 13:52:53,€,9B43923623AD16BAF0336F23FE33FC0C,B71FAF915B91184A5C4DC56C7D6262DA,86,2682,25012_Lidlfr_promo_2682_14499,Lidl.fr_promo,25012_Lidlfr_promo,25012,http://www.Lidl.fr/fr/offres-513.htm?id=594,,,,
25096_Lidlfr_promo_2682_14499,Nos offres/Mercredi 25/02|Savoie/Mercredi 25/02,250 g,Saucisson sec au beaufort,25096_Lidlfr_promo,1 kg = 10.36 €,25096_Lidlfr_promo_2682,142,<strong class="price pricebutton" style="                color:#007d9b;            "> € 2.59  250 g  1 kg = 10.36 €,2,2.59,14499,B449CF9B60C91C973A7AC7E543D76E89,Saucisson sec au beaufort,1A67B405D071C2DD89F3D772F11A030E,18/02/2015 13:52:58,€,F96AF3F490682622875CE068240012A3,E72F04340BA52EEB59AAC43D472D1D31,86,2682,25096_Lidlfr_promo_2682_14499,Lidl.fr_promo,25096_Lidlfr_promo,25096,http://www.Lidl.fr/fr/offres-513.htm?id=596,,,,
25111_Lidlfr_promo_2682_14499,Nos offres/Mercredi 25/02|Savoie/Mercredi 25/02,400 g,Pralines aux amandes,25111_Lidlfr_promo,1 kg = 7.48 €,25111_Lidlfr_promo_2682,142,<strong class="price pricebutton" style="                color:#007d9b;            "> € 2.99  400 g  1 kg = 7.48 €,18,2.99,14499,6539C55D43797DA54B7D746B5C7AC827,Pralines aux amandes,FA1BDFDA8881551D4C1929BF6213808C,18/02/2015 13:53:02,€,FE469B5517CF838894F202B5363CC464,821B7564A31A15C15F5670DE9E5E127D,86,2682,25111_Lidlfr_promo_2682_14499,Lidl.fr_promo,25111_Lidlfr_promo,25111,http://www.Lidl.fr/fr/offres-513.htm?id=596,,,,
24921_Lidlfr_promo_2682_14499,Nos promos/Moins cher,Le sachet de 1 kg,Epinards en branches,24921_Lidlfr_promo,,24921_Lidlfr_promo_2682,145,<small class="pricecut" style="                color:#e52031;                            background-color:#ffffff;                            border:1px solid #e52031;            "> -19% <em class="priceold" style="                border-left: 2px solid #e52031;            "> 0.98   <small class="specialdesc" style="                background-color: #e52031;            ">18/02 - 24/02  <strong class="price pricebutton" style="                color:#e52031;            "> € 0.79    Le sachet de 1 kg,5,0.79,14499,BB1AFBBC3E2CD82812B11AE361EF1E80,Epinards en branches,5288436FF5EB29000D4ED0552F63F248,18/02/2015 13:53:19,€,F19358F15226E01CF61CD6AE112B02EB,8EB7BE5A13CC39A3E56B78ABA08B2039,86,2682,24921_Lidlfr_promo_2682_14499,Lidl.fr_promo,24921_Lidlfr_promo,24921,http://www.Lidl.fr/fr/moins-cher.htm,-19%,18/02 - 24/02,0.98,
24923_Lidlfr_promo_2682_14499,Nos promos/Moins cher,6 x 125 g,Yoplait Perle de Lait nature,24923_Lidlfr_promo,1 kg = 2.37 €,24923_Lidlfr_promo_2682,145,<small class="pricecut" style="                color:#e52031;                            background-color:#ffffff;                            border:1px solid #e52031;            "> -20% <em class="priceold" style="                border-left: 2px solid #e52031;            "> 2.23   <small class="specialdesc" style="                background-color: #e52031;            ">18/02 - 24/02  <strong class="price pricebutton" style="                color:#e52031;            "> € 1.78    6 x 125 g  1 kg = 2.37 €,7,1.78,14499,1B5B3ABCC53741D47AD8795682F0BC30,Yoplait Perle de Lait nature,2244CB9BB2FC2A26B910FAB140F72572,18/02/2015 13:53:19,€,FB797DCC8122184A9DBF6A14BCE2E6B7,8FB4529686C80D0A7F8442F94024EB9F,86,2682,24923_Lidlfr_promo_2682_14499,Lidl.fr_promo,24923_Lidlfr_promo,24923,http://www.Lidl.fr/fr/moins-cher.htm,-20%,18/02 - 24/02,2.23,
24932_Lidlfr_promo_2682_14499,Nos promos/Moins cher,200 g au choix,Cookies au chocolat,24932_Lidlfr_promo,1 kg = 2.95 €,24932_Lidlfr_promo_2682,145,<small class="pricecut" style="                color:#e52031;                            background-color:#ffffff;                            border:1px solid #e52031;            "> -14% <em class="priceold" style="                border-left: 2px solid #e52031;            "> 0.69   <small class="specialdesc" style="                background-color: #e52031;            ">18/02 - 24/02  <strong class="price pricebutton" style="                color:#e52031;            "> € 0.59    200 g au choix  1 kg = 2.95 €,9,0.59,14499,7BECE1E8D64BBB4460FDCBAA962D91A3,Cookies au chocolat,C5446D3AF9B2DDEFB2606B70C3EBC857,18/02/2015 13:53:19,€,0E86A6EBA206D87C26059E6FBAC7BA27,817FA9146E77F93396B5B4A108F58CFA,86,2682,24932_Lidlfr_promo_2682_14499,Lidl.fr_promo,24932_Lidlfr_promo,24932,http://www.Lidl.fr/fr/moins-cher.htm,-14%,18/02 - 24/02,0.69,
24934_Lidlfr_promo_2682_14499,Nos promos/Moins cher,5 x 38 g au choix,Mentos,24934_Lidlfr_promo,1 kg = 7.68 €,24934_Lidlfr_promo_2682,145,<small class="pricecut" style="                color:#e52031;                            background-color:#ffffff;                            border:1px solid #e52031;            "> -30% <em class="priceold" style="                border-left: 2px solid #e52031;            "> 2.09   <small class="specialdesc" style="                background-color: #e52031;            ">18/02 - 24/02  <strong class="price pricebutton" style="                color:#e52031;            "> € 1.46    5 x 38 g au choix  1 kg = 7.68 €,11,1.46,14499,0D2D3D90DB2EAEA362930B63E0E4D106,Mentos,2558ADD9DB5B7C04BC3027C56A7B6D1D,18/02/2015 13:53:19,€,40EF7633CEA728D97648E9EC487B232D,208983B70B0FC2F3844880698AF78A6F,86,2682,24934_Lidlfr_promo_2682_14499,Lidl.fr_promo,24934_Lidlfr_promo,24934,http://www.Lidl.fr/fr/moins-cher.htm,-30%,18/02 - 24/02,2.09,
24936_Lidlfr_promo_2682_14499,Nos promos/Moins cher,Soit le lot de 2 x 25 L,Le Chat Sensitive lessive liquide,24936_Lidlfr_promo,1 L = 2.55 €,24936_Lidlfr_promo_2682,145,<small class="pricecut" style="                color:#e52031;                            background-color:#ffffff;                            border:1px solid #e52031;            "> -50% sur le 2ème  <small class="specialdesc" style="                background-color: #e52031;            ">18/02 - 24/02  <strong class="price pricebutton" style="                color:#e52031;            "> € 12.73     Soit le lot de 2 x 25 L  1 L = 2.55 €,13,12.73,14499,C9FE6C447E8DD44984451FE8142381AF,Le Chat Sensitive lessive liquide,81D82D809C5C61FE1A4020576FC45BF9,18/02/2015 13:53:19,€,6E0AD4A1E044E826F4489073CF196FD3,C0C29D6E2DD3F877B24A575D79081598,86,2682,24936_Lidlfr_promo_2682_14499,Lidl.fr_promo,24936_Lidlfr_promo,24936,http://www.Lidl.fr/fr/moins-cher.htm,-50% sur le 2ème,18/02 - 24/02,,
25159_Lidlfr_promo_2682_14499,Nos promos/Moins cher,480 g,4 saucisses de Toulouse,25159_Lidlfr_promo,1 kg = 4.35 €,25159_Lidlfr_promo_2682,145,<small class="pricecut" style="                color:#e52031;                            background-color:#ffffff;                            border:1px solid #e52031;            "> -21% <em class="priceold" style="                border-left: 2px solid #e52031;            "> 2.65   <small class="specialdesc" style="                background-color: #e52031;            ">25/02 - 03/03  <strong class="price pricebutton" style="                color:#e52031;            "> € 2.09    480 g  1 kg = 4.35 €,14,2.09,14499,E73ECEEA94CB88EC1AD17E96EAB6A903,4 saucisses de Toulouse,BE77A639868E2CBEE3457AE4A6B66CF3,18/02/2015 13:53:19,€,2B2E103465C8F86028F11DF4BDF0E98A,73A28B73543C4FE7C22EF24532315015,86,2682,25159_Lidlfr_promo_2682_14499,Lidl.fr_promo,25159_Lidlfr_promo,25159,http://www.Lidl.fr/fr/moins-cher.htm,-21%,25/02 - 03/03,2.65,
25160_Lidlfr_promo_2682_14499,Nos promos/Moins cher,340 g,4 diots de Savoie fumés,25160_Lidlfr_promo,1 kg = 5.85 €,25160_Lidlfr_promo_2682,145,<small class="pricecut" style="                color:#e52031;                            background-color:#ffffff;                            border:1px solid #e52031;            "> -20% <em class="priceold" style="                border-left: 2px solid #e52031;            "> 2.49   <small class="specialdesc" style="                background-color: #e52031;            ">25/02 - 03/03  <strong class="price pricebutton" style="                color:#e52031;            "> € 1.99    340 g  1 kg = 5.85 €,15,1.99,14499,02C2E2B1D347741983E32B870C0B997C,4 diots de Savoie fumés,741D45E286B6BC5BC45C88F14E5A8A6C,18/02/2015 13:53:19,€,E20E4D59809A31D9C87529041CD3167A,24D1F9DBB53D751422970F91CAA12DF6,86,2682,25160_Lidlfr_promo_2682_14499,Lidl.fr_promo,25160_Lidlfr_promo,25160,http://www.Lidl.fr/fr/moins-cher.htm,-20%,25/02 - 03/03,2.49,
25162_Lidlfr_promo_2682_14499,Nos promos/Moins cher,225 g,Saucisson sec Label Rouge,25162_Lidlfr_promo,1 kg = 9.73 €,25162_Lidlfr_promo_2682,145,<small class="pricecut" style="                color:#e52031;                            background-color:#ffffff;                            border:1px solid #e52031;            "> -21% <em class="priceold" style="                border-left: 2px solid #e52031;            "> 2.79   <small class="specialdesc" style="                background-color: #e52031;            ">25/02 - 03/03  <strong class="price pricebutton" style="                color:#e52031;            "> € 2.19    225 g  1 kg = 9.73 €,17,2.19,14499,01F8BF5BFBF337AE759977A03444D555,Saucisson sec Label Rouge,7E943F198F8AD210BB69CEED8F1AEB65,18/02/2015 13:53:20,€,9A97DC66A5CA7E6DAA5A23ACA7A243CB,53EFC88B91116CC2A1C96CB17DDAC5CF,86,2682,25162_Lidlfr_promo_2682_14499,Lidl.fr_promo,25162_Lidlfr_promo,25162,http://www.Lidl.fr/fr/moins-cher.htm,-21%,25/02 - 03/03,2.79,
25164_Lidlfr_promo_2682_14499,Nos promos/Moins cher,500 g,Feuillantine comtoise,25164_Lidlfr_promo,1 kg = 6.38 €,25164_Lidlfr_promo_2682,145,<small class="pricecut" style="                color:#e52031;                            background-color:#ffffff;                            border:1px solid #e52031;            "> -20% <em class="priceold" style="                border-left: 2px solid #e52031;            "> 3.99   <small class="specialdesc" style="                background-color: #e52031;            ">25/02 - 03/03  <strong class="price pricebutton" style="                color:#e52031;            "> € 3.19    500 g  1 kg = 6.38 €,19,3.19,14499,2EA180BDAA7B303CC171B3C5FCA43ADE,Feuillantine comtoise,BCBAEB4B135CBA4E761BA55D4BA1FC16,18/02/2015 13:53:20,€,3D256D9FE3FBA32F068F5AE1DCA839B6,7B4D37D410B3B267742787492C5CCA46,86,2682,25164_Lidlfr_promo_2682_14499,Lidl.fr_promo,25164_Lidlfr_promo,25164,http://www.Lidl.fr/fr/moins-cher.htm,-20%,25/02 - 03/03,3.99,
25166_Lidlfr_promo_2682_14499,Nos promos/Moins cher,Le kilo,Cantal entre-deux AOP,25166_Lidlfr_promo,,25166_Lidlfr_promo_2682,145,<small class="pricecut" style="                color:#e52031;                            background-color:#ffffff;                            border:1px solid #e52031;            "> -16% sur prix kilo <em class="priceold" style="                border-left: 2px solid #e52031;            "> 8.30   <small class="specialdesc" style="                background-color: #e52031;            ">25/02 - 03/03  <strong class="price pricebutton" style="                color:#e52031;            "> € 6.89    Le kilo,21,6.89,14499,78AAB42961AFD9E3AFFB800BC062D1FE,Cantal entre-deux AOP,67AE75C5915863D03BDDFD55BB952A1E,18/02/2015 13:53:20,€,AD4D05DA334C257517811536D51041E6,CEACAF9856F429DADABB36E45A45C7E2,86,2682,25166_Lidlfr_promo_2682_14499,Lidl.fr_promo,25166_Lidlfr_promo,25166,http://www.Lidl.fr/fr/moins-cher.htm,-16% sur prix kilo,25/02 - 03/03,8.30,
25168_Lidlfr_promo_2682_14499,Nos promos/Moins cher,250 g,Madeleines,25168_Lidlfr_promo,1 kg = 5.16 €,25168_Lidlfr_promo_2682,145,<small class="pricecut" style="                color:#e52031;                            background-color:#ffffff;                            border:1px solid #e52031;            "> -18% <em class="priceold" style="                border-left: 2px solid #e52031;            "> 1.59   <small class="specialdesc" style="                background-color: #e52031;            ">25/02 - 03/03  <strong class="price pricebutton" style="                color:#e52031;            "> € 1.29    250 g  1 kg = 5.16 €,23,1.29,14499,F884AE2317855C3BB7C974CD74D79618,Madeleines,A4DE238F06B13D5AD9AB697A8F403E38,18/02/2015 13:53:20,€,9513D20D6DDD6C07330E918EB1DC4BD3,2EED49993F93259B52FE9AD0F9D0C190,86,2682,25168_Lidlfr_promo_2682_14499,Lidl.fr_promo,25168_Lidlfr_promo,25168,http://www.Lidl.fr/fr/moins-cher.htm,-18%,25/02 - 03/03,1.59,
25171_Lidlfr_promo_2682_14499,Nos promos/Moins cher,75 cl,Côtes du Rhône Domaine AOP,25171_Lidlfr_promo,1 L = 2.65 €,25171_Lidlfr_promo_2682,145,<small class="pricecut" style="                color:#e52031;                            background-color:#ffffff;                            border:1px solid #e52031;            "> Moins cher ! <em class="priceold" style="                border-left: 2px solid #e52031;            "> 2.19   <small class="specialdesc" style="                background-color: #e52031;            ">25/02 - 03/03  <strong class="price pricebutton" style="                color:#e52031;            "> € 1.99    75 cl  1 L = 2.65 €,26,1.99,14499,B24A658FE4040F018ADD9E20411C26BC,Côtes du Rhône Domaine AOP,2B0799E9B324197FA7E8B33F3311E0F2,18/02/2015 13:53:20,€,9FE399E8C299A732B47BA76A75D0D72F,3F485403B8671C13C3BF51FEE6E02132,86,2682,25171_Lidlfr_promo_2682_14499,Lidl.fr_promo,25171_Lidlfr_promo,25171,http://www.Lidl.fr/fr/moins-cher.htm,Moins cher !,25/02 - 03/03,2.19,
25142_Lidlfr_promo_2682_14499,Nos offres/Mercredi 25/02|Viandes de bœuf/Mercredi 25/02,10 x 100 g,10 hachés au bœuf "Le tendre et savoureux",25142_Lidlfr_promo,,25142_Lidlfr_promo_2682,143,<strong class="price pricebutton" style="                color:#eb212e;            "> € 4.89  10 x 100 g,5,4.89,14499,3A14EEC11479106505D394BC73729C63,10 hachés au bœuf "Le tendre et savoureux",4F0D17410ECD089AFE1B98ADEEFD4CBB,18/02/2015 13:53:06,€,ECDE038D067B56FFB491F74F3D6C1060,9940DC91E5D2185602912EF38945FCEA,86,2682,25142_Lidlfr_promo_2682_14499,Lidl.fr_promo,25142_Lidlfr_promo,25142,http://www.Lidl.fr/fr/offres-513.htm?id=597,,,,
25144_Lidlfr_promo_2682_14499,Nos offres/Mercredi 25/02|Viandes de bœuf/Mercredi 25/02,4 x 100 g,Steak haché pur bœuf,25144_Lidlfr_promo,1 kg = 8.73 €,25144_Lidlfr_promo_2682,143,<strong class="price pricebutton" style="                color:#eb212e;            "> € 3.49  4 x 100 g  1 kg = 8.73 €,7,3.49,14499,FE289A62184C1F5E3652FE11A992D055,Steak haché pur bœuf,00D2078751165847B20AF87F629A87A0,18/02/2015 13:53:07,€,EF2105791E60A98125675E623C24109C,208C538E54592A60BDE61D93E10CDE94,86,2682,25144_Lidlfr_promo_2682_14499,Lidl.fr_promo,25144_Lidlfr_promo,25144,http://www.Lidl.fr/fr/offres-513.htm?id=597,,,,
25146_Lidlfr_promo_2682_14499,Nos offres/Mercredi 25/02|Viandes de bœuf/Mercredi 25/02,800 g,Viande hachée pur bœuf,25146_Lidlfr_promo,1 kg = 6.24 €,25146_Lidlfr_promo_2682,143,<strong class="price pricebutton" style="                color:#eb212e;            "> € 4.99  800 g  1 kg = 6.24 €,9,4.99,14499,B1713CBB8345EAF4E9A08E731E6B739E,Viande hachée pur bœuf,77B57602413796B225E21193690D56AB,18/02/2015 13:53:07,€,D2B0CD055D65D8C9C1CAF0D3A0165C64,8C317A7C6C3E9BD6382554CE9F0811AA,86,2682,25146_Lidlfr_promo_2682_14499,Lidl.fr_promo,25146_Lidlfr_promo,25146,http://www.Lidl.fr/fr/offres-513.htm?id=597,,,,
25041_Lidlfr_promo_2682_14499,Nos promos/Fruits & légumes,Le filet de 1 kg,Tomates,25041_Lidlfr_promo,,25041_Lidlfr_promo_2682,147,<small class="specialdesc" style="                background-color: #f1830c;            ">18/02 - 21/02  <strong class="price pricebutton" style="                color:#cf6d04;            "> € 0.99    Le filet de 1 kg,1,0.99,14499,B3C5ED276F9D7F1493AB2E77658B92B8,Tomates,28B37C517A0BDE17F05EA11E1A4A2501,18/02/2015 13:53:30,€,7504472B9D5BDEBA2B91D5806D2F44BB,F0B77BE6BB9550347D8763F2518CB312,86,2682,25041_Lidlfr_promo_2682_14499,Lidl.fr_promo,25041_Lidlfr_promo,25041,http://www.Lidl.fr/fr/fruits-legumes.htm,,18/02 - 21/02,,
25043_Lidlfr_promo_2682_14499,Nos promos/Fruits & légumes,Le filet de 500 g,Oignons rouges,25043_Lidlfr_promo,1 kg = 2.98 €,25043_Lidlfr_promo_2682,147,<small class="specialdesc" style="                background-color: #f1830c;            ">18/02 - 21/02  <strong class="price pricebutton" style="                color:#cf6d04;            "> € 1.49    Le filet de 500 g  1 kg = 2.98 €,3,1.49,14499,AF0D27B2AABD25532583F4EC8394FFB3,Oignons rouges,7315D0293188ADBB3CDE8792640B89A4,18/02/2015 13:53:31,€,DF3D0FF5910B9D5F37C65A445634FDA8,E8F4D8F59F34AC30A908AF58D123135A,86,2682,25043_Lidlfr_promo_2682_14499,Lidl.fr_promo,25043_Lidlfr_promo,25043,http://www.Lidl.fr/fr/fruits-legumes.htm,,18/02 - 21/02,,
24981_Lidlfr_promo_2682_14499,Nos promos/Bonnes affaires,L'unité au choix,Cadenas,24981_Lidlfr_promo,,24981_Lidlfr_promo_2682,149,<small class="specialdesc" style="                background-color: #1f4fb8;            ">19/02 - 19/02  <strong class="price pricebutton" style="                color:#1f4fb8;            "> € 4.99    L'unité au choix,1,4.99,14499,9AA6F34CDC4C32F13BF251DAB6F54F3C,Cadenas,75596B8E189E2ACBEA4968330F41C07B,18/02/2015 13:53:39,€,9E7241F1E18E759BDD6638CF9A64640C,9ADBAADF095C8DE0D2D0B53FE92A5DBB,86,2682,24981_Lidlfr_promo_2682_14499,Lidl.fr_promo,24981_Lidlfr_promo,24981,http://www.Lidl.fr/fr/bonnes-affaires.htm,,19/02 - 19/02,,
24990_Lidlfr_promo_2682_14499,Nos promos/Bonnes affaires,L'unité au choix,Jeu de construction,24990_Lidlfr_promo,,24990_Lidlfr_promo_2682,149,<small class="specialdesc" style="                background-color: #1f4fb8;            ">19/02 - 19/02  <strong class="price pricebutton" style="                color:#1f4fb8;            "> € 7.99    L'unité au choix,2,7.99,14499,236F73BB129F25B0CB70223223B12BA5,Jeu de construction,7835EE36B1BA8AFBC642087F5C75AB57,18/02/2015 13:53:39,€,020A9FB74CCEAE58199FFA3194C88AA4,D2B6D861D66FA14BB7CF8C6112D13E0D,86,2682,24990_Lidlfr_promo_2682_14499,Lidl.fr_promo,24990_Lidlfr_promo,24990,http://www.Lidl.fr/fr/bonnes-affaires.htm,,19/02 - 19/02,,
25036_Lidlfr_promo_2682_14499,Nos promos/Super samedi,75 cl,Zinfandel Vin de Californie rosé,25036_Lidlfr_promo,1 L = 1.72 €,25036_Lidlfr_promo_2682,146,<small class="pricecut" style="                color:#e52031;                            background-color:#ffffff;                            border:1px solid #e52031;            "> -50% <em class="priceold" style="                border-left: 2px solid #e52031;            "> 2.59   <small class="specialdesc" style="                background-color: #e52031;            ">21/02 - 21/02  <strong class="price pricebutton" style="                color:#e52031;            "> € 1.29    75 cl  1 L = 1.72 €,1,1.29,14499,9CAA62442A7CC7965124772DA6F2296B,Zinfandel Vin de Californie rosé,98E428C8E8B25D192B1E0B8FF1F6EE16,18/02/2015 13:53:27,€,04C93672B3AC87C178480AB264E1E8DA,DA383B7F4FB8B92BB70373274BFA6879,86,2682,25036_Lidlfr_promo_2682_14499,Lidl.fr_promo,25036_Lidlfr_promo,25036,http://www.Lidl.fr/fr/super-samedi.htm,-50%,21/02 - 21/02,2.59,
24918_Lidlfr_promo_2682_14499,Nos promos/Moins cher,10 x 100 g,10 burgers à l'oignon,24918_Lidlfr_promo,,24918_Lidlfr_promo_2682,145,<small class="pricecut" style="                color:#e52031;                            background-color:#ffffff;                            border:1px solid #e52031;            "> -13% <em class="priceold" style="                border-left: 2px solid #e52031;            "> 3.59   <small class="specialdesc" style="                background-color: #e52031;            ">18/02 - 24/02  <strong class="price pricebutton" style="                color:#e52031;            "> € 3.09    10 x 100 g,2,3.09,14499,71EA4498975C19C94D97632A94530547,10 burgers à l'oignon,792F3A707240350EEDD90DB37F36A854,18/02/2015 13:53:19,€,0BF595B62B260A14F06A2355642266BA,F1F8D9E8023B645373B6363E6A6EC18C,86,2682,24918_Lidlfr_promo_2682_14499,Lidl.fr_promo,24918_Lidlfr_promo,24918,http://www.Lidl.fr/fr/moins-cher.htm,-13%,18/02 - 24/02,3.59,
25047_Lidlfr_promo_2682_14499,Nos promos/Fruits & légumes,Le filet de 25 kg,Pommes de terre rouges,25047_Lidlfr_promo,1 kg = 0.40 €,25047_Lidlfr_promo_2682,147,<small class="specialdesc" style="                background-color: #f1830c;            ">18/02 - 21/02  <strong class="price pricebutton" style="                color:#cf6d04;            "> € 0.99    Le filet de 25 kg  1 kg = 0.40 €,5,0.99,14499,DCC459F5A1FCA514DA0FE164AC745002,Pommes de terre rouges,105A8F3C37306097ACEF71C8D30F84CC,18/02/2015 13:53:31,€,08B04DF8B9C78D1323B613D16B33D36A,4DAAB94B22B63A9E47C1762083A4C9E0,86,2682,25047_Lidlfr_promo_2682_14499,Lidl.fr_promo,25047_Lidlfr_promo,25047,http://www.Lidl.fr/fr/fruits-legumes.htm,,18/02 - 21/02,,
24974_Lidlfr_promo_2682_14499,Nos promos/Plantes & fleurs,La barquette de 10 plans,Primevère acaulis,24974_Lidlfr_promo,Le 18/02,24974_Lidlfr_promo_2682,148,<strong class="price pricebutton" style="                color:#f05660;            "> € 2.49  La barquette de 10 plans  Le 18/02,2,2.49,14499,803217FCA54B74A204BD3902B3C021BF,Primevère acaulis,3757B05DFD7ADD80596841DDC1FF71F8,18/02/2015 13:53:35,€,5A2F8BBA9A8588B6FEE7345E2B78A2DB,F138E593207A9B63CE9A539AA94337BC,86,2682,24974_Lidlfr_promo_2682_14499,Lidl.fr_promo,24974_Lidlfr_promo,24974,http://www.Lidl.fr/fr/plantes-fleurs.htm,,,,
24992_Lidlfr_promo_2682_14499,Nos promos/Bonnes affaires,L'unité au choix,Voiture télécommandée,24992_Lidlfr_promo,,24992_Lidlfr_promo_2682,149,<small class="specialdesc" style="                background-color: #1f4fb8;            ">19/02 - 19/02  <strong class="price pricebutton" style="                color:#1f4fb8;            "> € 17.99 *   L'unité au choix,4,17.99,14499,88E3BDC448188C614B760E75C86BCFE3,Voiture télécommandée,61DD210A7BD7DB003A453029DD19AD54,18/02/2015 13:53:39,€,01441699A9784423358957CD8810116A,E809EFCDEDFD3421D6AF8AA39F754F7B,86,2682,24992_Lidlfr_promo_2682_14499,Lidl.fr_promo,24992_Lidlfr_promo,24992,http://www.Lidl.fr/fr/bonnes-affaires.htm,,19/02 - 19/02,,
24905_Lidlfr_promo_2342_14499,Nos offres/Mercredi 18/02|USA/Mercredi 18/02,190 g au choix,Tortilla de blé fourrée,24905_Lidlfr_promo,1 kg = 12.45 €,24905_Lidlfr_promo_2342,3,<strong class="price pricebutton" style="                color:#d83b30;            "> € 2.29  190 g au choix  1 kg = 12.45 €,9,2.29,14499,5A1D4FC08011ABFA58B5AF722004A61A,Tortilla de blé fourrée,5BB290C8F889D48163BA515598CA3BE0,18/02/2015 13:40:15,€,51B3508150C95CB5C9D4EFEB136F38BE,2708FBA0DC4216AB4AB4DE1FC0C49862,653,2342,24905_Lidlfr_promo_2342_14499,Lidl.fr_promo,24905_Lidlfr_promo,24905,http://www.Lidl.fr/fr/offres-513.htm?id=591,,,,
24907_Lidlfr_promo_2342_14499,Nos offres/Mercredi 18/02|USA/Mercredi 18/02,230 ml au choix,Milkshake,24907_Lidlfr_promo,1 L = 3.43 €,24907_Lidlfr_promo_2342,3,<strong class="price pricebutton" style="                color:#d83b30;            "> € 0.79  230 ml au choix  1 L = 3.43 €,10,0.79,14499,A2E8DE8E09A1E63C52AE2B5AAE9E00FD,Milkshake,3BC2A63A7F0B0B92E47592B7518F384C,18/02/2015 13:40:15,€,A8D1EA28896B754B1762EE5849B09587,CCD9F73A3BB415A32B0708B0821761C4,653,2342,24907_Lidlfr_promo_2342_14499,Lidl.fr_promo,24907_Lidlfr_promo,24907,http://www.Lidl.fr/fr/offres-513.htm?id=591,,,,
24871_Lidlfr_promo_2342_14499,Nos offres/Mercredi 18/02|USA/Mercredi 18/02,500 g,Filets de poulet panés,24871_Lidlfr_promo,1 kg = 6.58 €,24871_Lidlfr_promo_2342,3,<strong class="price pricebutton" style="                color:#d83b30;            "> € 3.29  500 g  1 kg = 6.58 €,6,3.29,14499,C1354A0B0EC0EF1D9B09F5F75E1E714F,Filets de poulet panés,A5141C02690F77091F0244A5D52C283B,18/02/2015 13:40:14,€,B16659483FED6D1DFDA685AFFA303C5E,4D57C8AC8153E8565A307084434A7355,653,2342,24871_Lidlfr_promo_2342_14499,Lidl.fr_promo,24871_Lidlfr_promo,24871,http://www.Lidl.fr/fr/offres-513.htm?id=591,,,,
24873_Lidlfr_promo_2342_14499,Nos offres/Mercredi 18/02|USA/Mercredi 18/02,440 g au choix,Pizza américaine,24873_Lidlfr_promo,1 kg = 4.30 €,24873_Lidlfr_promo_2342,3,<strong class="price pricebutton" style="                color:#d83b30;            "> € 1.89  440 g au choix  1 kg = 4.30 €,8,1.89,14499,E6B439804D4D1E0C0FA1528E0789493C,Pizza américaine,AD429DA2667D5DEEF8FFBD4E6F25AD3D,18/02/2015 13:40:14,€,DF1F3E9A1F5513EFA5D689A919A9F07E,DF3ABFAA6336C64811B77E86B9CB17B0,653,2342,24873_Lidlfr_promo_2342_14499,Lidl.fr_promo,24873_Lidlfr_promo,24873,http://www.Lidl.fr/fr/offres-513.htm?id=591,,,,
24866_Lidlfr_promo_2342_14499,Nos offres/Mercredi 18/02|USA/Mercredi 18/02,450 g,Flips géants,24866_Lidlfr_promo,1 kg = 4.42 €,24866_Lidlfr_promo_2342,3,<strong class="price pricebutton" style="                color:#d83b30;            "> € 1.99  450 g  1 kg = 4.42 €,1,1.99,14499,75CE736F195E0E09E33CE8966E8F5802,Flips géants,120D39C27EC1BA54BFB86815282CEC6E,18/02/2015 13:40:13,€,7C1A014B5567C9A284704CFAD6317A2B,FC524D9465535E3F32C487236668155F,653,2342,24866_Lidlfr_promo_2342_14499,Lidl.fr_promo,24866_Lidlfr_promo,24866,http://www.Lidl.fr/fr/offres-513.htm?id=591,,,,
24868_Lidlfr_promo_2342_14499,Nos offres/Mercredi 18/02|USA/Mercredi 18/02,200 g au choix,Cruspies,24868_Lidlfr_promo,1 kg = 4.45 €,24868_Lidlfr_promo_2342,3,<strong class="price pricebutton" style="                color:#d83b30;            "> € 0.89  200 g au choix  1 kg = 4.45 €,3,0.89,14499,44227BE6553087EE138647BA184C65B7,Cruspies,9B616A21579811363EC83E8CB45CF413,18/02/2015 13:40:13,€,2652A1495EC0D6F248A52F88681BBFB2,90DA3608667E990227E76560921E5FA7,653,2342,24868_Lidlfr_promo_2342_14499,Lidl.fr_promo,24868_Lidlfr_promo,24868,http://www.Lidl.fr/fr/offres-513.htm?id=591,,,,
24769_Lidlfr_promo_2342_14499,Nos offres/Lundi 16/02|Auto/Moto/Lundi 16/02,L'unité,Protège pare-brise,24769_Lidlfr_promo,,24769_Lidlfr_promo_2342,2,<strong class="price pricebutton" style="                color:#f17230;            "> € 1.99  L'unité,14,1.99,14499,1016AB8C711CD94605566A9C1F8D61F8,Protège pare-brise,ABB1111592E9834FBF2CF0005356864E,18/02/2015 13:40:10,€,6605E211B71C24E49FD0F25451C88AC4,C113616DEDB792F022356B9A8295C00D,653,2342,24769_Lidlfr_promo_2342_14499,Lidl.fr_promo,24769_Lidlfr_promo,24769,http://www.Lidl.fr/fr/offres-513.htm?id=589,,,,
24770_Lidlfr_promo_2342_14499,Nos offres/Lundi 16/02|Auto/Moto/Lundi 16/02,L'unité au choix,Réhausseur de siège enfant gr. 2/3,24770_Lidlfr_promo,,24770_Lidlfr_promo_2342,2,<strong class="price pricebutton" style="                color:#f17230;            "> € 11.99  L'unité au choix,15,11.99,14499,30C7F19D7A8824901B6490F15B01608F,Réhausseur de siège enfant gr. 2/3,331215BAA7855AD3E681586A16C9DF72,18/02/2015 13:40:10,€,F1D7F10EA85299B2D10160CA4987732F,9C677BD9EAD4EA4926C59A7D0467881D,653,2342,24770_Lidlfr_promo_2342_14499,Lidl.fr_promo,24770_Lidlfr_promo,24770,http://www.Lidl.fr/fr/offres-513.htm?id=589,,,,
24761_Lidlfr_promo_2342_14499,Nos offres/Lundi 16/02|Auto/Moto/Lundi 16/02,L'unité,Top case pour scooter,24761_Lidlfr_promo,,24761_Lidlfr_promo_2342,2,<strong class="price pricebutton" style="                color:#f17230;            "> € 29.99  L'unité,6,29.99,14499,7F502620FB0B34204FF6BFB7BB130848,Top case pour scooter,68956AF8ED0E56D5AF1C01B3FBC4634F,18/02/2015 13:40:08,€,23B6C35468A7E32817E75DB56E5C0C25,C4BD5C1E2AD0C73F8682C1719013B642,653,2342,24761_Lidlfr_promo_2342_14499,Lidl.fr_promo,24761_Lidlfr_promo,24761,http://www.Lidl.fr/fr/offres-513.htm?id=589,,,,
24763_Lidlfr_promo_2342_14499,Nos offres/Lundi 16/02|Auto/Moto/Lundi 16/02,La paire au choix,Lunettes de soleil sport,24763_Lidlfr_promo,,24763_Lidlfr_promo_2342,2,<strong class="price pricebutton" style="                color:#f17230;            "> € 3.99  La paire au choix,8,3.99,14499,CFE0661780F8BB3D8929E7EB750AD581,Lunettes de soleil sport,155587BC5579DE4906C023A9C7355742,18/02/2015 13:40:08,€,696915C0814A66039571FEBB9365A2E8,9E8375D4BEA951A9E639CF4FA7EFA3DD,653,2342,24763_Lidlfr_promo_2342_14499,Lidl.fr_promo,24763_Lidlfr_promo,24763,http://www.Lidl.fr/fr/offres-513.htm?id=589,,,,
24756_Lidlfr_promo_2342_14499,Nos offres/Lundi 16/02|Auto/Moto/Lundi 16/02,L'unité,Atlas routier,24756_Lidlfr_promo,,24756_Lidlfr_promo_2342,2,<strong class="price pricebutton" style="                color:#f17230;            "> € 4.99  L'unité,2,4.99,14499,C66B9E5B7D1D2357A845DFA37C28DBC0,Atlas routier,6FF1346287EBBE834D21AFA71DE16D5D,18/02/2015 13:40:07,€,B3E6DC751E88F0E6AC87C46C0BBCE66C,2CA59FD9C3117F138E722E13597F2B0B,653,2342,24756_Lidlfr_promo_2342_14499,Lidl.fr_promo,24756_Lidlfr_promo,24756,http://www.Lidl.fr/fr/offres-513.htm?id=589,,,,
24758_Lidlfr_promo_2342_14499,Nos offres/Lundi 16/02|Auto/Moto/Lundi 16/02,L'unité au choix,Caleçon technique de moto homme,24758_Lidlfr_promo,,24758_Lidlfr_promo_2342,2,<strong class="price pricebutton" style="                color:#f17230;            "> € 11.99  L'unité au choix,4,11.99,14499,FC9C05DE083CA107D09403273CADB41E,Caleçon technique de moto homme,6A72DFDE93F5C2289A3C90AC8F806468,18/02/2015 13:40:07,€,649A154589695DD6E96FA9419E72A2D0,F6423457AD5DAA885F892D5ABAC69A43,653,2342,24758_Lidlfr_promo_2342_14499,Lidl.fr_promo,24758_Lidlfr_promo,24758,http://www.Lidl.fr/fr/offres-513.htm?id=589,,,,
24765_Lidlfr_promo_2342_14499,Nos offres/Lundi 16/02|Auto/Moto/Lundi 16/02,L'unité,Couvre-selle pour scooter,24765_Lidlfr_promo,,24765_Lidlfr_promo_2342,2,<strong class="price pricebutton" style="                color:#f17230;            "> € 6.99  L'unité,10,6.99,14499,B35290AA7D48EDA8FEC1BCB7997F5881,Couvre-selle pour scooter,3410C34E2CC6A28977B3F4DF8DB25718,18/02/2015 13:40:09,€,C55B9A105E007D834BD2931F5F133FCA,511A767823E5718ACE2B93439CD79AC2,653,2342,24765_Lidlfr_promo_2342_14499,Lidl.fr_promo,24765_Lidlfr_promo,24765,http://www.Lidl.fr/fr/offres-513.htm?id=589,,,,
24767_Lidlfr_promo_2342_14499,Nos offres/Lundi 16/02|Auto/Moto/Lundi 16/02,Le set,Câbles de démarrage aluminium,24767_Lidlfr_promo,,24767_Lidlfr_promo_2342,2,<strong class="price pricebutton" style="                color:#f17230;            "> € 9.99  Le set,12,9.99,14499,85DB49D16E5DDA6BA964EEB583C9CA2E,Câbles de démarrage aluminium,D5A18F714904D1DA255EFABF8F4DE464,18/02/2015 13:40:09,€,763FEB850091722E3D3F077711E2375F,8158A29C3B5E8D4E8D591D607CFE77B0,653,2342,24767_Lidlfr_promo_2342_14499,Lidl.fr_promo,24767_Lidlfr_promo,24767,http://www.Lidl.fr/fr/offres-513.htm?id=589,,,,
24792_Lidlfr_promo_2342_14499,Nos offres/Lundi 16/02|Mode enfant/Lundi 16/02,La paire au choix,Chaussettes chaudes fille ou garçon,24792_Lidlfr_promo,,24792_Lidlfr_promo_2342,1,<strong class="price pricebutton" style="                color:#ee73aa;            "> € 1.99  La paire au choix,4,1.99,14499,FCFD99C0E0781189B40B0A50F12E9DB9,Chaussettes chaudes fille ou garçon,5A4DEDA7CB891A2EC66F129ED03BCC2F,18/02/2015 13:39:28,€,B73A256D05DB1AF1A2DBDAAC03B79EBD,A962A696F2D82CFF7B5425A562468A46,653,2342,24792_Lidlfr_promo_2342_14499,Lidl.fr_promo,24792_Lidlfr_promo,24792,http://www.Lidl.fr/fr/offres-513.htm?id=588,,,,
24790_Lidlfr_promo_2342_14499,Nos offres/Lundi 16/02|Mode enfant/Lundi 16/02,L'unité au choix,Veste imperméable garçon,24790_Lidlfr_promo,,24790_Lidlfr_promo_2342,1,<strong class="price pricebutton" style="                color:#ee73aa;            "> € 9.99  L'unité au choix,2,9.99,14499,A8B2F7E8E0A51080F80004E7B75F34DA,Veste imperméable garçon,40B60607EE475B50BF8F62AEC65A29B7,18/02/2015 13:39:26,€,D72EB0A2BF6B3F089C51B85B1737C4C4,C573F25877C971C5CA3AA000F1EDCA35,653,2342,24790_Lidlfr_promo_2342_14499,Lidl.fr_promo,24790_Lidlfr_promo,24790,http://www.Lidl.fr/fr/offres-513.htm?id=588,,,,
24789_Lidlfr_promo_2342_14499,Nos offres/Lundi 16/02|Mode enfant/Lundi 16/02,La paire au choix,Bottes de pluie enfant,24789_Lidlfr_promo,,24789_Lidlfr_promo_2342,1,<strong class="price pricebutton" style="                color:#ee73aa;            "> € 9.99*  La paire au choix,1,9.99,14499,466FA431B04ADC4F270ECE5623BC69CD,Bottes de pluie enfant,B6B2F4A6B82F96BE222F3923B6498FE5,18/02/2015 13:38:23,€,91A773BAD4D0E1ABE6B2A287553184BA,414E181C908E9B035425E6C057C288E5,653,2342,24789_Lidlfr_promo_2342_14499,Lidl.fr_promo,24789_Lidlfr_promo,24789,http://www.Lidl.fr/fr/offres-513.htm?id=588,,,,
24877_Lidlfr_promo_2342_14499,Nos offres/Mercredi 18/02|USA/Mercredi 18/02,250 ml,Sirop d'érable,24877_Lidlfr_promo,1 L = 13.96 €,24877_Lidlfr_promo_2342,3,<strong class="price pricebutton" style="                color:#d83b30;            "> € 3.49  250 ml  1 L = 13.96 €,13,3.49,14499,22D7892E667D070A72064E9C340816D2,Sirop d'érable,506E177C7B51CE7F01DA110172AE7194,18/02/2015 13:40:16,€,2A4667DFC96C39E83995F9F55640EAF9,8F4131479DEFDE8DC2F27D096C15D72F,653,2342,24877_Lidlfr_promo_2342_14499,Lidl.fr_promo,24877_Lidlfr_promo,24877,http://www.Lidl.fr/fr/offres-513.htm?id=591,,,,
24879_Lidlfr_promo_2342_14499,Nos offres/Mercredi 18/02|USA/Mercredi 18/02,240 g au choix,8 mini brownies,24879_Lidlfr_promo,1 kg = 5.79 €,24879_Lidlfr_promo_2342,3,<strong class="price pricebutton" style="                color:#d83b30;            "> € 1.39  240 g au choix  1 kg = 5.79 €,15,1.39,14499,124F0E1E702734E2978A3DF91F9AF601,8 mini brownies,2552CDB34755EFB9C8080459CA740578,18/02/2015 13:40:16,€,6FE3213C55C7B7EC8BE1F339F0C07AB1,52B8BC3917542528942A2D02A624D123,653,2342,24879_Lidlfr_promo_2342_14499,Lidl.fr_promo,24879_Lidlfr_promo,24879,http://www.Lidl.fr/fr/offres-513.htm?id=591,,,,
24880_Lidlfr_promo_2342_14499,Nos offres/Mercredi 18/02|USA/Mercredi 18/02,150 g au choix,Préparation laitière américaine,24880_Lidlfr_promo,1 kg = 3.27 €,24880_Lidlfr_promo_2342,3,<strong class="price pricebutton" style="                color:#d83b30;            "> € 0.49  150 g au choix  1 kg = 3.27 €,16,0.49,14499,48CD93475F83DEB526CB19B8A162DF72,Préparation laitière américaine,8DAEE5A5E44FD919B1B60E488FC2B5D8,18/02/2015 13:40:17,€,4099325FEF431EB9C29E3D39DE7741F2,592F69EB8605FAF19BB15D0B370CFAC8,653,2342,24880_Lidlfr_promo_2342_14499,Lidl.fr_promo,24880_Lidlfr_promo,24880,http://www.Lidl.fr/fr/offres-513.htm?id=591,,,,
24943_Lidlfr_promo_2342_14499,Nos offres/Jeudi 19/02|Maison/Jeudi 19/02,L'unité au choix,Horloge murale rétro,24943_Lidlfr_promo,,24943_Lidlfr_promo_2342,5,<strong class="price pricebutton" style="                color:#f3846a;            "> € 4.99*  L'unité au choix,5,4.99,14499,5446D3A9F8135951E7C1C87CE3137751,Horloge murale rétro,460AEF2D7182773F0FEF478D24A58012,18/02/2015 13:40:27,€,D1787CF05B80D13BBAF85141B792AD09,E6EC91CBA600CA785D5E02BEB0D0C8EB,653,2342,24943_Lidlfr_promo_2342_14499,Lidl.fr_promo,24943_Lidlfr_promo,24943,http://www.Lidl.fr/fr/offres-513.htm?id=592,,,,
24949_Lidlfr_promo_2342_14499,Nos offres/Jeudi 19/02|Maison/Jeudi 19/02,L'unité au choix,Tablier de cuisine,24949_Lidlfr_promo,,24949_Lidlfr_promo_2342,5,<strong class="price pricebutton" style="                color:#f3846a;            "> € 3.99  L'unité au choix,7,3.99,14499,979C77802AED623E9888DB6886021BFD,Tablier de cuisine,1777BC0832C2FDCC6F27C17CDA6FD8A9,18/02/2015 13:40:28,€,5AFE1917B329A514D8E01AD55AC76AC8,2FF9DC13024F20C0D3CF1F9474C5A03F,653,2342,24949_Lidlfr_promo_2342_14499,Lidl.fr_promo,24949_Lidlfr_promo,24949,http://www.Lidl.fr/fr/offres-513.htm?id=592,,,,
24950_Lidlfr_promo_2342_14499,Nos offres/Jeudi 19/02|Maison/Jeudi 19/02,Le set au choix,Gant et manique,24950_Lidlfr_promo,,24950_Lidlfr_promo_2342,5,<strong class="price pricebutton" style="                color:#f3846a;            "> € 2.99  Le set au choix,8,2.99,14499,27C21BD8C93F753FF83A774B03882FFA,Gant et manique,FCF4FB00B69D6CC325A41305AA780C4F,18/02/2015 13:40:28,€,FEBD9FDF834C26A1982E9049EC65C685,EA16C8AD502B00DD6EB031B3FD35D738,653,2342,24950_Lidlfr_promo_2342_14499,Lidl.fr_promo,24950_Lidlfr_promo,24950,http://www.Lidl.fr/fr/offres-513.htm?id=592,,,,
25012_Lidlfr_promo_2342_14499,Nos offres/Lundi 23/02|Extérieur/Lundi 23/02,Le pot de 750 ml,Peinture pour métaux,25012_Lidlfr_promo,1 L = 7.98 €,25012_Lidlfr_promo_2342,6,<strong class="price pricebutton" style="                color:#4b650d;            "> € 5.99  Le pot de 750 ml  1 L = 7.98 €,2,5.99,14499,1147B6284148FBF54F0283B589FE812E,Peinture pour métaux,A92D9C645BF1D74380424D5CD118D560,18/02/2015 13:40:31,€,04206FC7817C360AC2A86F80F42729AA,B71FAF915B91184A5C4DC56C7D6262DA,653,2342,25012_Lidlfr_promo_2342_14499,Lidl.fr_promo,25012_Lidlfr_promo,25012,http://www.Lidl.fr/fr/offres-513.htm?id=594,,,,
25014_Lidlfr_promo_2342_14499,Nos offres/Lundi 23/02|Extérieur/Lundi 23/02,Le pot de 1 L,Peinture blanche express,25014_Lidlfr_promo,,25014_Lidlfr_promo_2342,6,<strong class="price pricebutton" style="                color:#4b650d;            "> € 5.99  Le pot de 1 L,4,5.99,14499,26CFA99510B5CE22D04AF4660985DFC8,Peinture blanche express,8A84A70A6B45935FD9BECCDADA30EEAD,18/02/2015 13:40:32,€,23008D28FA256044969D06F21DAEF4CA,AD4064ED89C079795893AED6055C1A90,653,2342,25014_Lidlfr_promo_2342_14499,Lidl.fr_promo,25014_Lidlfr_promo,25014,http://www.Lidl.fr/fr/offres-513.htm?id=594,,,,
24840_Lidlfr_promo_2342_14499,Nos offres/Jeudi 19/02|Douce nuit/Jeudi 19/02,L'unité au choix,Couette en microfibre,24840_Lidlfr_promo,,24840_Lidlfr_promo_2342,4,<strong class="price pricebutton" style="                color:#a65c9b;            "> à partir de  € 12.99  L'unité au choix,4,12.99,14499,388E802435DF875E09F17C2830D3E132,Couette en microfibre,30A6B7551D6FBE5F9CF761C43203CAE7,18/02/2015 13:40:21,€,067979B7A5FD81D1A900EABD1CE99726,C32E57398A4A3D95CB29CE12AE30E18F,653,2342,24840_Lidlfr_promo_2342_14499,Lidl.fr_promo,24840_Lidlfr_promo,24840,http://www.Lidl.fr/fr/offres-513.htm?id=590,,,,
24846_Lidlfr_promo_2342_14499,Nos offres/Jeudi 19/02|Douce nuit/Jeudi 19/02,L'ensemble au choix,Pyjama femme,24846_Lidlfr_promo,,24846_Lidlfr_promo_2342,4,<strong class="price pricebutton" style="                color:#a65c9b;            "> € 9.99  L'ensemble au choix,6,9.99,14499,8CC9CE6911524144D30972187EAB6BE0,Pyjama femme,44C548EE5BD96E11BD2C709743B4229D,18/02/2015 13:40:22,€,C60BB1A6461F0005D83ECEF742F4A5D3,3B5D4919C43697E04AE8F965BC07ACD1,653,2342,24846_Lidlfr_promo_2342_14499,Lidl.fr_promo,24846_Lidlfr_promo,24846,http://www.Lidl.fr/fr/offres-513.htm?id=590,,,,
24945_Lidlfr_promo_2342_14499,Nos offres/Jeudi 19/02|Maison/Jeudi 19/02,L'unité au choix,Mini commode,24945_Lidlfr_promo,,24945_Lidlfr_promo_2342,5,<strong class="price pricebutton" style="                color:#f3846a;            "> € 9.99*  L'unité au choix,2,9.99,14499,98739508E1EEBA6326D0E5CDD3908BBB,Mini commode,8A04D3C9E28BD2A3E110893033674CE7,18/02/2015 13:40:26,€,8BFADC11C12A51F6F6B6FED8604E19F6,E7D849AD71F30E44BED446AC00507F58,653,2342,24945_Lidlfr_promo_2342_14499,Lidl.fr_promo,24945_Lidlfr_promo,24945,http://www.Lidl.fr/fr/offres-513.htm?id=592,,,,
24947_Lidlfr_promo_2342_14499,Nos offres/Jeudi 19/02|Maison/Jeudi 19/02,L'unité au choix,Casier à miniatures,24947_Lidlfr_promo,,24947_Lidlfr_promo_2342,5,<strong class="price pricebutton" style="                color:#f3846a;            "> € 11.99*  L'unité au choix,4,11.99,14499,0A64EE4C558BDD5B6E815B51A89E914F,Casier à miniatures,63D4C341CF194C1105F9CE19391B3EE6,18/02/2015 13:40:27,€,5CF9B33B46A716A79EA400CC82101EEE,44AEABC3C16B195BA97B91A17DFD6F05,653,2342,24947_Lidlfr_promo_2342_14499,Lidl.fr_promo,24947_Lidlfr_promo,24947,http://www.Lidl.fr/fr/offres-513.htm?id=592,,,,
24882_Lidlfr_promo_2342_14499,Nos offres/Mercredi 18/02|USA/Mercredi 18/02,225 g au choix,Mini muffins,24882_Lidlfr_promo,1 kg = 6.62 €,24882_Lidlfr_promo_2342,3,<strong class="price pricebutton" style="                color:#d83b30;            "> € 1.49  225 g au choix  1 kg = 6.62 €,18,1.49,14499,178A57635940E289065FACF1081E328F,Mini muffins,BF25EF4A1E492BC59D77AB1425D1E167,18/02/2015 13:40:17,€,1395D3E43D62E16983AD4F28FD9C4CBC,32E0740FC318FC059523A2F830A5B248,653,2342,24882_Lidlfr_promo_2342_14499,Lidl.fr_promo,24882_Lidlfr_promo,24882,http://www.Lidl.fr/fr/offres-513.htm?id=591,,,,
24855_Lidlfr_promo_2342_14499,Nos offres/Jeudi 19/02|Douce nuit/Jeudi 19/02,L'ensemble au choix,Pyjama fille ou garçon,24855_Lidlfr_promo,,24855_Lidlfr_promo_2342,4,<strong class="price pricebutton" style="                color:#a65c9b;            "> € 5.99  L'ensemble au choix,8,5.99,14499,9244CEBD6105E601E070DF17249EE20C,Pyjama fille ou garçon,59D48582ADE2DEF3D8D1F9E0520C37EB,18/02/2015 13:40:22,€,C38BD7EA7F0B35F800FC7FBCF7AA0FCD,28614D9BC22C8A1EC4B6FAFD953EF378,653,2342,24855_Lidlfr_promo_2342_14499,Lidl.fr_promo,24855_Lidlfr_promo,24855,http://www.Lidl.fr/fr/offres-513.htm?id=590,,,,
24837_Lidlfr_promo_2342_14499,Nos offres/Jeudi 19/02|Douce nuit/Jeudi 19/02,L'unité,Oreiller ergonomique en microfibre,24837_Lidlfr_promo,,24837_Lidlfr_promo_2342,4,<strong class="price pricebutton" style="                color:#a65c9b;            "> € 8.99  L'unité,3,8.99,14499,16D26546EF541F433C228B4DD5AD3FFA,Oreiller ergonomique en microfibre,A959EB8341351B29DCD5C60AD9091A11,18/02/2015 13:40:21,€,6C36649D26CA0BB9D80BF51DBEC93A10,E75B50AAF9E8125E58481A0CFF44B539,653,2342,24837_Lidlfr_promo_2342_14499,Lidl.fr_promo,24837_Lidlfr_promo,24837,http://www.Lidl.fr/fr/offres-513.htm?id=590,,,,
24952_Lidlfr_promo_2342_14499,Nos offres/Jeudi 19/02|Maison/Jeudi 19/02,L'unité au choix,Coussin de chaise,24952_Lidlfr_promo,,24952_Lidlfr_promo_2342,5,<strong class="price pricebutton" style="                color:#f3846a;            "> € 4.99  L'unité au choix,10,4.99,14499,CFCDE28B44ED495CE196D3BC44D073EF,Coussin de chaise,D8DED96A9756D6EEE42523294B7F18F4,18/02/2015 13:40:28,€,5F78FFA16D99958A48534861CBF66FF7,C9CE98A38EBB27CCDB0E5083F2CFCDE7,653,2342,24952_Lidlfr_promo_2342_14499,Lidl.fr_promo,24952_Lidlfr_promo,24952,http://www.Lidl.fr/fr/offres-513.htm?id=592,,,,
25139_Lidlfr_promo_2342_14499,Nos offres/Mercredi 25/02|Viandes de bœuf/Mercredi 25/02,240 g,Bifteck,25139_Lidlfr_promo,1 kg = 13.54 €,25139_Lidlfr_promo_2342,8,<strong class="price pricebutton" style="                color:#eb212e;            "> € 3.25  240 g  1 kg = 13.54 €,1,3.25,14499,2E3EEE1020B74E07FFB169357EFE904B,Bifteck,2E4ED12839F6B495A842FDFE4158A0A8,18/02/2015 13:40:45,€,4DA9EF2249919C4A4B65CA62D905AD3D,077C7FB8FCF33CEC814D0BDE680AA041,653,2342,25139_Lidlfr_promo_2342_14499,Lidl.fr_promo,25139_Lidlfr_promo,25139,http://www.Lidl.fr/fr/offres-513.htm?id=597,,,,
25148_Lidlfr_promo_2342_14499,Nos offres/Mercredi 25/02|Viandes de bœuf/Mercredi 25/02,400 g,4 steaks hachés pur bœuf,25148_Lidlfr_promo,1 kg = 5.98 €,25148_Lidlfr_promo_2342,8,<small class="pricecut" style="                color:#ffffff;                            background-color:#B41E0A;                            border:1px solid #B41E0A;            "> -20% <em class="priceold" style="                border-left: 2px solid #B41E0A;            "> 2.99   <small class="specialdesc" style="                background-color: #B41E0A;            ">18/02 - 03/03  <strong class="price pricebutton" style="                color:#eb212e;            "> € 2.39    400 g  1 kg = 5.98 €,2,2.39,14499,9C6128F46A78D242EEE432DF59C4F219,4 steaks hachés pur bœuf,D10812AA5915A2919A5859AF270F8A99,18/02/2015 13:40:45,€,53B31361650CA293C7497A7985CF1EF3,861771F24543EAB4B20BD2E057A44C39,653,2342,25148_Lidlfr_promo_2342_14499,Lidl.fr_promo,25148_Lidlfr_promo,25148,http://www.Lidl.fr/fr/offres-513.htm?id=597,-20%,18/02 - 03/03,2.99,
25140_Lidlfr_promo_2342_14499,Nos offres/Mercredi 25/02|Viandes de bœuf/Mercredi 25/02,170 g,Faux-filet,25140_Lidlfr_promo,1 kg = 17.59 €,25140_Lidlfr_promo_2342,8,<strong class="price pricebutton" style="                color:#eb212e;            "> € 2.99  170 g  1 kg = 17.59 €,3,2.99,14499,5DDB6D696DE47B9B7534A11AB2396128,Faux-filet,1125A629AF0E0026B252CAB75FB505F9,18/02/2015 13:40:45,€,1526E9B3E9FDE9D1E0D4C98AEE6D486A,6CA2A46DDEF1AE69E6F8B205456FD3AE,653,2342,25140_Lidlfr_promo_2342_14499,Lidl.fr_promo,25140_Lidlfr_promo,25140,http://www.Lidl.fr/fr/offres-513.htm?id=597,,,,
25142_Lidlfr_promo_2342_14499,Nos offres/Mercredi 25/02|Viandes de bœuf/Mercredi 25/02,10 x 100 g,10 hachés au bœuf "Le tendre et savoureux",25142_Lidlfr_promo,,25142_Lidlfr_promo_2342,8,<strong class="price pricebutton" style="                color:#eb212e;            "> € 4.89  10 x 100 g,5,4.89,14499,3A14EEC11479106505D394BC73729C63,10 hachés au bœuf "Le tendre et savoureux",6FA32A04D9E2433C32CBF923FDFF6C30,18/02/2015 13:40:46,€,040695B1D510208632A7C571EB037BF3,9940DC91E5D2185602912EF38945FCEA,653,2342,25142_Lidlfr_promo_2342_14499,Lidl.fr_promo,25142_Lidlfr_promo,25142,http://www.Lidl.fr/fr/offres-513.htm?id=597,,,,
25016_Lidlfr_promo_2342_14499,Nos offres/Lundi 23/02|Extérieur/Lundi 23/02,Le pot de 25 L,Gel de protection du bois,25016_Lidlfr_promo,1 L = 3.19 €,25016_Lidlfr_promo_2342,6,<strong class="price pricebutton" style="                color:#4b650d;            "> € 7.99  Le pot de 25 L  1 L = 3.19 €,6,7.99,14499,FB9A25BA2C10024FCCE222BF224FA8EB,Gel de protection du bois,042A6CD4BF6031F2AB9BCB6CF769C36D,18/02/2015 13:40:32,€,DAAD863D2EE3DF07DEACBFDB7A253F66,7B080BAC7A1E553D6DA63936A525C619,653,2342,25016_Lidlfr_promo_2342_14499,Lidl.fr_promo,25016_Lidlfr_promo,25016,http://www.Lidl.fr/fr/offres-513.htm?id=594,,,,
25018_Lidlfr_promo_2342_14499,Nos offres/Lundi 23/02|Extérieur/Lundi 23/02,L'unité ou le set au choix,Accessoire(s) de jardinage,25018_Lidlfr_promo,,25018_Lidlfr_promo_2342,6,<strong class="price pricebutton" style="                color:#4b650d;            "> € 1.99  L'unité ou le set au choix,8,1.99,14499,7A66AED3E1A8AB2D9934B83DA72C3864,Accessoire(s) de jardinage,9BB208DA2D3751AA365676BDBAAE21C1,18/02/2015 13:40:33,€,329CF3B96B7D2DD8A67EE88567360F77,3E70BABF4BCFB88FF496D2F8326BA174,653,2342,25018_Lidlfr_promo_2342_14499,Lidl.fr_promo,25018_Lidlfr_promo,25018,http://www.Lidl.fr/fr/offres-513.htm?id=594,,,,
25021_Lidlfr_promo_2342_14499,Nos offres/Lundi 23/02|Extérieur/Lundi 23/02,L'unité,Sac à végétaux pliable,25021_Lidlfr_promo,,25021_Lidlfr_promo_2342,6,<strong class="price pricebutton" style="                color:#4b650d;            "> € 4.99  L'unité,9,4.99,14499,1EC0F43A4795A9E8131872CADE2DA298,Sac à végétaux pliable,B42C22755B00BFF7AE330427436F5978,18/02/2015 13:40:33,€,E3D9E0780D926AE41A5BFB42286B53E7,4A6691C609E4D04769C91B4B6F2D5358,653,2342,25021_Lidlfr_promo_2342_14499,Lidl.fr_promo,25021_Lidlfr_promo,25021,http://www.Lidl.fr/fr/offres-513.htm?id=594,,,,
25108_Lidlfr_promo_2342_14499,Nos offres/Mercredi 25/02|Savoie/Mercredi 25/02,75 cl,Vin de Savoie Terroirs d'Exception 2014 AOP,25108_Lidlfr_promo,1 L = 5.32 €,25108_Lidlfr_promo_2342,7,<strong class="price pricebutton" style="                color:#007d9b;            "> € 3.99  75 cl  1 L = 5.32 €,15,3.99,14499,FC497958E88CBF542BD0860F5E328A45,Vin de Savoie Terroirs d'Exception 2014 AOP,6C00EBE9DFC68B2D06DA3041A3C9EE46,18/02/2015 13:40:41,€,2DCBF1BD2B70B541ED8656EFE0D6B4C1,97D59BBB0FA57E38380BF3415B38B044,653,2342,25108_Lidlfr_promo_2342_14499,Lidl.fr_promo,25108_Lidlfr_promo,25108,http://www.Lidl.fr/fr/offres-513.htm?id=596,,,,
25111_Lidlfr_promo_2342_14499,Nos offres/Mercredi 25/02|Savoie/Mercredi 25/02,400 g,Pralines aux amandes,25111_Lidlfr_promo,1 kg = 7.48 €,25111_Lidlfr_promo_2342,7,<strong class="price pricebutton" style="                color:#007d9b;            "> € 2.99  400 g  1 kg = 7.48 €,18,2.99,14499,6539C55D43797DA54B7D746B5C7AC827,Pralines aux amandes,80B25CEFA16D979EDC6CD08DC2ADD438,18/02/2015 13:40:42,€,E37767870BADA0A2B66BB02C7E651DBD,821B7564A31A15C15F5670DE9E5E127D,653,2342,25111_Lidlfr_promo_2342_14499,Lidl.fr_promo,25111_Lidlfr_promo,25111,http://www.Lidl.fr/fr/offres-513.htm?id=596,,,,
25104_Lidlfr_promo_2342_14499,Nos offres/Mercredi 25/02|Savoie/Mercredi 25/02,720 g,4 hachés de porc savoyards,25104_Lidlfr_promo,1 kg = 6.93 €,25104_Lidlfr_promo_2342,7,<strong class="price pricebutton" style="                color:#007d9b;            "> € 4.99  720 g  1 kg = 6.93 €,11,4.99,14499,2DAB478724A84CA4F66041099010C253,4 hachés de porc savoyards,380E168F70823F70E83A51D66D6628E0,18/02/2015 13:40:40,€,19567F170E010158C66292585E4ECDB5,DEBCAF71BEE6F0241371E32F2620B2DD,653,2342,25104_Lidlfr_promo_2342_14499,Lidl.fr_promo,25104_Lidlfr_promo,25104,http://www.Lidl.fr/fr/offres-513.htm?id=596,,,,
25106_Lidlfr_promo_2342_14499,Nos offres/Mercredi 25/02|Savoie/Mercredi 25/02,6 x 125 g,Yaourt de Savoie "Plaisir des Alpes",25106_Lidlfr_promo,1 kg = 2.92 €,25106_Lidlfr_promo_2342,7,<strong class="price pricebutton" style="                color:#007d9b;            "> € 2.19  6 x 125 g  1 kg = 2.92 €,13,2.19,14499,BEBB6C46E59528B5EEEAD71EAF87C6DB,Yaourt de Savoie "Plaisir des Alpes",62700C37891D911318983E2952ABC918,18/02/2015 13:40:40,€,7A931AE14F047EB4BB25B55ACF19D07E,7C07C57FDAC8C86EDCA57EFCDC5134A1,653,2342,25106_Lidlfr_promo_2342_14499,Lidl.fr_promo,25106_Lidlfr_promo,25106,http://www.Lidl.fr/fr/offres-513.htm?id=596,,,,
25100_Lidlfr_promo_2342_14499,Nos offres/Mercredi 25/02|Savoie/Mercredi 25/02,2 x 150 g au choix,Feuilletés,25100_Lidlfr_promo,1 kg = 5.97 €,25100_Lidlfr_promo_2342,7,<strong class="price pricebutton" style="                color:#007d9b;            "> € 1.79  2 x 150 g au choix  1 kg = 5.97 €,7,1.79,14499,1D48ED27F959AD21497588BEA2593575,Feuilletés,63C11DD54C182418EDD6B0613C669B65,18/02/2015 13:40:39,€,FEA572BD03A5F36807280634B5C6A7EA,92E84FA86A270EA72D92C0293FD678EE,653,2342,25100_Lidlfr_promo_2342_14499,Lidl.fr_promo,25100_Lidlfr_promo,25100,http://www.Lidl.fr/fr/offres-513.htm?id=596,,,,
25102_Lidlfr_promo_2342_14499,Nos offres/Mercredi 25/02|Savoie/Mercredi 25/02,300 g,Mini délices au beaufort,25102_Lidlfr_promo,1 kg = 4.97 €,25102_Lidlfr_promo_2342,7,<strong class="price pricebutton" style="                color:#007d9b;            "> € 1.49  300 g  1 kg = 4.97 €,9,1.49,14499,5B4AF43745AECBBB20F266382215B83E,Mini délices au beaufort,33BED056EE5FEA24F5E68676B31537BB,18/02/2015 13:40:39,€,A943781355C845803FBD96238B763A2A,934AE3FE682FD9B04E9A8B15DD789911,653,2342,25102_Lidlfr_promo_2342_14499,Lidl.fr_promo,25102_Lidlfr_promo,25102,http://www.Lidl.fr/fr/offres-513.htm?id=596,,,,
25144_Lidlfr_promo_2342_14499,Nos offres/Mercredi 25/02|Viandes de bœuf/Mercredi 25/02,4 x 100 g,Steak haché pur bœuf,25144_Lidlfr_promo,1 kg = 8.73 €,25144_Lidlfr_promo_2342,8,<strong class="price pricebutton" style="                color:#eb212e;            "> € 3.49  4 x 100 g  1 kg = 8.73 €,7,3.49,14499,FE289A62184C1F5E3652FE11A992D055,Steak haché pur bœuf,13D56C1F3E829B70EF78858615D2CDAA,18/02/2015 13:40:46,€,7191A1644EFF6E4C75045C7103F79D28,208C538E54592A60BDE61D93E10CDE94,653,2342,25144_Lidlfr_promo_2342_14499,Lidl.fr_promo,25144_Lidlfr_promo,25144,http://www.Lidl.fr/fr/offres-513.htm?id=597,,,,
25146_Lidlfr_promo_2342_14499,Nos offres/Mercredi 25/02|Viandes de bœuf/Mercredi 25/02,800 g,Viande hachée pur bœuf,25146_Lidlfr_promo,1 kg = 6.24 €,25146_Lidlfr_promo_2342,8,<strong class="price pricebutton" style="                color:#eb212e;            "> € 4.99  800 g  1 kg = 6.24 €,9,4.99,14499,B1713CBB8345EAF4E9A08E731E6B739E,Viande hachée pur bœuf,F8E42A21E5601D4E799BF510F0C4145C,18/02/2015 13:40:47,€,DB2F87283014FC62615D6B505DC92DE9,8C317A7C6C3E9BD6382554CE9F0811AA,653,2342,25146_Lidlfr_promo_2342_14499,Lidl.fr_promo,25146_Lidlfr_promo,25146,http://www.Lidl.fr/fr/offres-513.htm?id=597,,,,
25098_Lidlfr_promo_2342_14499,Nos offres/Mercredi 25/02|Savoie/Mercredi 25/02,600 g,Tartiflette au reblochon de Savoie AOP,25098_Lidlfr_promo,1 kg = 7.98 €,25098_Lidlfr_promo_2342,7,<strong class="price pricebutton" style="                color:#007d9b;            "> € 4.79  600 g  1 kg = 7.98 €,5,4.79,14499,FA17EE6B7CF2366C4C7A986B3A0A6A14,Tartiflette au reblochon de Savoie AOP,03B9D8160F9017771BF770B3C11477DD,18/02/2015 13:40:38,€,7D79D3C2FEB814BA46C831FC59E083AD,1FE165377D4907F0EA45A5397520B85C,653,2342,25098_Lidlfr_promo_2342_14499,Lidl.fr_promo,25098_Lidlfr_promo,25098,http://www.Lidl.fr/fr/offres-513.htm?id=596,,,,
25096_Lidlfr_promo_2342_14499,Nos offres/Mercredi 25/02|Savoie/Mercredi 25/02,250 g,Saucisson sec au beaufort,25096_Lidlfr_promo,1 kg = 10.36 €,25096_Lidlfr_promo_2342,7,<strong class="price pricebutton" style="                color:#007d9b;            "> € 2.59  250 g  1 kg = 10.36 €,2,2.59,14499,B449CF9B60C91C973A7AC7E543D76E89,Saucisson sec au beaufort,8936EADBECD4979243643F81D9090624,18/02/2015 13:40:38,€,A612CF2B8F5337B757DE0560AE06BDBF,E72F04340BA52EEB59AAC43D472D1D31,653,2342,25096_Lidlfr_promo_2342_14499,Lidl.fr_promo,25096_Lidlfr_promo,25096,http://www.Lidl.fr/fr/offres-513.htm?id=596,,,,
24923_Lidlfr_promo_2342_14499,Nos promos/Moins cher,6 x 125 g,Yoplait Perle de Lait nature,24923_Lidlfr_promo,1 kg = 2.37 €,24923_Lidlfr_promo_2342,10,<small class="pricecut" style="                color:#e52031;                            background-color:#ffffff;                            border:1px solid #e52031;            "> -20% <em class="priceold" style="                border-left: 2px solid #e52031;            "> 2.23   <small class="specialdesc" style="                background-color: #e52031;            ">18/02 - 24/02  <strong class="price pricebutton" style="                color:#e52031;            "> € 1.78    6 x 125 g  1 kg = 2.37 €,7,1.78,14499,1B5B3ABCC53741D47AD8795682F0BC30,Yoplait Perle de Lait nature,1419388D8107981ED7919FE5014F8C31,18/02/2015 13:40:54,€,BC2A40C6B6412960124F8D695AFB9144,8FB4529686C80D0A7F8442F94024EB9F,653,2342,24923_Lidlfr_promo_2342_14499,Lidl.fr_promo,24923_Lidlfr_promo,24923,http://www.Lidl.fr/fr/moins-cher.htm,-20%,18/02 - 24/02,2.23,
24932_Lidlfr_promo_2342_14499,Nos promos/Moins cher,200 g au choix,Cookies au chocolat,24932_Lidlfr_promo,1 kg = 2.95 €,24932_Lidlfr_promo_2342,10,<small class="pricecut" style="                color:#e52031;                            background-color:#ffffff;                            border:1px solid #e52031;            "> -14% <em class="priceold" style="                border-left: 2px solid #e52031;            "> 0.69   <small class="specialdesc" style="                background-color: #e52031;            ">18/02 - 24/02  <strong class="price pricebutton" style="                color:#e52031;            "> € 0.59    200 g au choix  1 kg = 2.95 €,9,0.59,14499,7BECE1E8D64BBB4460FDCBAA962D91A3,Cookies au chocolat,7955DEE43C524CB15DDBA9E6DB5BAB2B,18/02/2015 13:40:55,€,009372F1254AC3959F46875F8D1D6BCE,817FA9146E77F93396B5B4A108F58CFA,653,2342,24932_Lidlfr_promo_2342_14499,Lidl.fr_promo,24932_Lidlfr_promo,24932,http://www.Lidl.fr/fr/moins-cher.htm,-14%,18/02 - 24/02,0.69,
24934_Lidlfr_promo_2342_14499,Nos promos/Moins cher,5 x 38 g au choix,Mentos,24934_Lidlfr_promo,1 kg = 7.68 €,24934_Lidlfr_promo_2342,10,<small class="pricecut" style="                color:#e52031;                            background-color:#ffffff;                            border:1px solid #e52031;            "> -30% <em class="priceold" style="                border-left: 2px solid #e52031;            "> 2.09   <small class="specialdesc" style="                background-color: #e52031;            ">18/02 - 24/02  <strong class="price pricebutton" style="                color:#e52031;            "> € 1.46    5 x 38 g au choix  1 kg = 7.68 €,11,1.46,14499,0D2D3D90DB2EAEA362930B63E0E4D106,Mentos,2CE90EA7AF6F5D03A659477668B9500F,18/02/2015 13:40:55,€,54583BE07071AA7BFCD4C9D7584E2E74,208983B70B0FC2F3844880698AF78A6F,653,2342,24934_Lidlfr_promo_2342_14499,Lidl.fr_promo,24934_Lidlfr_promo,24934,http://www.Lidl.fr/fr/moins-cher.htm,-30%,18/02 - 24/02,2.09,
24936_Lidlfr_promo_2342_14499,Nos promos/Moins cher,Soit le lot de 2 x 25 L,Le Chat Sensitive lessive liquide,24936_Lidlfr_promo,1 L = 2.55 €,24936_Lidlfr_promo_2342,10,<small class="pricecut" style="                color:#e52031;                            background-color:#ffffff;                            border:1px solid #e52031;            "> -50% sur le 2ème  <small class="specialdesc" style="                background-color: #e52031;            ">18/02 - 24/02  <strong class="price pricebutton" style="                color:#e52031;            "> € 12.73     Soit le lot de 2 x 25 L  1 L = 2.55 €,13,12.73,14499,C9FE6C447E8DD44984451FE8142381AF,Le Chat Sensitive lessive liquide,22254B069641A67D5C1DDEECB6557F61,18/02/2015 13:40:55,€,9B90FCC63F6647790BC4A22903AD0D9E,C0C29D6E2DD3F877B24A575D79081598,653,2342,24936_Lidlfr_promo_2342_14499,Lidl.fr_promo,24936_Lidlfr_promo,24936,http://www.Lidl.fr/fr/moins-cher.htm,-50% sur le 2ème,18/02 - 24/02,,
25159_Lidlfr_promo_2342_14499,Nos promos/Moins cher,480 g,4 saucisses de Toulouse,25159_Lidlfr_promo,1 kg = 4.35 €,25159_Lidlfr_promo_2342,10,<small class="pricecut" style="                color:#e52031;                            background-color:#ffffff;                            border:1px solid #e52031;            "> -21% <em class="priceold" style="                border-left: 2px solid #e52031;            "> 2.65   <small class="specialdesc" style="                background-color: #e52031;            ">25/02 - 03/03  <strong class="price pricebutton" style="                color:#e52031;            "> € 2.09    480 g  1 kg = 4.35 €,14,2.09,14499,E73ECEEA94CB88EC1AD17E96EAB6A903,4 saucisses de Toulouse,3C62A53946D8EEEA076621967ED06729,18/02/2015 13:40:55,€,4181565D986C31CD4964A5792848D151,73A28B73543C4FE7C22EF24532315015,653,2342,25159_Lidlfr_promo_2342_14499,Lidl.fr_promo,25159_Lidlfr_promo,25159,http://www.Lidl.fr/fr/moins-cher.htm,-21%,25/02 - 03/03,2.65,
25160_Lidlfr_promo_2342_14499,Nos promos/Moins cher,340 g,4 diots de Savoie fumés,25160_Lidlfr_promo,1 kg = 5.85 €,25160_Lidlfr_promo_2342,10,<small class="pricecut" style="                color:#e52031;                            background-color:#ffffff;                            border:1px solid #e52031;            "> -20% <em class="priceold" style="                border-left: 2px solid #e52031;            "> 2.49   <small class="specialdesc" style="                background-color: #e52031;            ">25/02 - 03/03  <strong class="price pricebutton" style="                color:#e52031;            "> € 1.99    340 g  1 kg = 5.85 €,15,1.99,14499,02C2E2B1D347741983E32B870C0B997C,4 diots de Savoie fumés,6E453886B0E01D2EDD1730EB0D0057D2,18/02/2015 13:40:55,€,E6053EAF2D6E35ED2D97F35B9C474CE2,24D1F9DBB53D751422970F91CAA12DF6,653,2342,25160_Lidlfr_promo_2342_14499,Lidl.fr_promo,25160_Lidlfr_promo,25160,http://www.Lidl.fr/fr/moins-cher.htm,-20%,25/02 - 03/03,2.49,
25162_Lidlfr_promo_2342_14499,Nos promos/Moins cher,225 g,Saucisson sec Label Rouge,25162_Lidlfr_promo,1 kg = 9.73 €,25162_Lidlfr_promo_2342,10,<small class="pricecut" style="                color:#e52031;                            background-color:#ffffff;                            border:1px solid #e52031;            "> -21% <em class="priceold" style="                border-left: 2px solid #e52031;            "> 2.79   <small class="specialdesc" style="                background-color: #e52031;            ">25/02 - 03/03  <strong class="price pricebutton" style="                color:#e52031;            "> € 2.19    225 g  1 kg = 9.73 €,17,2.19,14499,01F8BF5BFBF337AE759977A03444D555,Saucisson sec Label Rouge,109F287907035957E193840D4CB65817,18/02/2015 13:40:55,€,9C812BC294BEBBBD318D255D3136D5F2,53EFC88B91116CC2A1C96CB17DDAC5CF,653,2342,25162_Lidlfr_promo_2342_14499,Lidl.fr_promo,25162_Lidlfr_promo,25162,http://www.Lidl.fr/fr/moins-cher.htm,-21%,25/02 - 03/03,2.79,
25164_Lidlfr_promo_2342_14499,Nos promos/Moins cher,500 g,Feuillantine comtoise,25164_Lidlfr_promo,1 kg = 6.38 €,25164_Lidlfr_promo_2342,10,<small class="pricecut" style="                color:#e52031;                            background-color:#ffffff;                            border:1px solid #e52031;            "> -20% <em class="priceold" style="                border-left: 2px solid #e52031;            "> 3.99   <small class="specialdesc" style="                background-color: #e52031;            ">25/02 - 03/03  <strong class="price pricebutton" style="                color:#e52031;            "> € 3.19    500 g  1 kg = 6.38 €,19,3.19,14499,2EA180BDAA7B303CC171B3C5FCA43ADE,Feuillantine comtoise,2825DB9D0383A9A912C65FFABF3DDA81,18/02/2015 13:40:55,€,508D9687B919F7D1E09314D951ADA707,7B4D37D410B3B267742787492C5CCA46,653,2342,25164_Lidlfr_promo_2342_14499,Lidl.fr_promo,25164_Lidlfr_promo,25164,http://www.Lidl.fr/fr/moins-cher.htm,-20%,25/02 - 03/03,3.99,
25166_Lidlfr_promo_2342_14499,Nos promos/Moins cher,Le kilo,Cantal entre-deux AOP,25166_Lidlfr_promo,,25166_Lidlfr_promo_2342,10,<small class="pricecut" style="                color:#e52031;                            background-color:#ffffff;                            border:1px solid #e52031;            "> -16% sur prix kilo <em class="priceold" style="                border-left: 2px solid #e52031;            "> 8.30   <small class="specialdesc" style="                background-color: #e52031;            ">25/02 - 03/03  <strong class="price pricebutton" style="                color:#e52031;            "> € 6.89    Le kilo,21,6.89,14499,78AAB42961AFD9E3AFFB800BC062D1FE,Cantal entre-deux AOP,52C656B023E1BDD170AE517D33365D34,18/02/2015 13:40:55,€,56FEF290819EB0DDA7F64A914B2B8441,CEACAF9856F429DADABB36E45A45C7E2,653,2342,25166_Lidlfr_promo_2342_14499,Lidl.fr_promo,25166_Lidlfr_promo,25166,http://www.Lidl.fr/fr/moins-cher.htm,-16% sur prix kilo,25/02 - 03/03,8.30,
25168_Lidlfr_promo_2342_14499,Nos promos/Moins cher,250 g,Madeleines,25168_Lidlfr_promo,1 kg = 5.16 €,25168_Lidlfr_promo_2342,10,<small class="pricecut" style="                color:#e52031;                            background-color:#ffffff;                            border:1px solid #e52031;            "> -18% <em class="priceold" style="                border-left: 2px solid #e52031;            "> 1.59   <small class="specialdesc" style="                background-color: #e52031;            ">25/02 - 03/03  <strong class="price pricebutton" style="                color:#e52031;            "> € 1.29    250 g  1 kg = 5.16 €,23,1.29,14499,F884AE2317855C3BB7C974CD74D79618,Madeleines,78CCEC93A5A499F428A570C8A1020614,18/02/2015 13:40:55,€,D9846CE46B72ECB52C4D67915E6B7886,2EED49993F93259B52FE9AD0F9D0C190,653,2342,25168_Lidlfr_promo_2342_14499,Lidl.fr_promo,25168_Lidlfr_promo,25168,http://www.Lidl.fr/fr/moins-cher.htm,-18%,25/02 - 03/03,1.59,
25171_Lidlfr_promo_2342_14499,Nos promos/Moins cher,75 cl,Côtes du Rhône Domaine AOP,25171_Lidlfr_promo,1 L = 2.65 €,25171_Lidlfr_promo_2342,10,<small class="pricecut" style="                color:#e52031;                            background-color:#ffffff;                            border:1px solid #e52031;            "> Moins cher ! <em class="priceold" style="                border-left: 2px solid #e52031;            "> 2.19   <small class="specialdesc" style="                background-color: #e52031;            ">25/02 - 03/03  <strong class="price pricebutton" style="                color:#e52031;            "> € 1.99    75 cl  1 L = 2.65 €,26,1.99,14499,B24A658FE4040F018ADD9E20411C26BC,Côtes du Rhône Domaine AOP,42FB781424E82A6FE87EC2BD46FA074E,18/02/2015 13:40:56,€,129E189747B7BB534E14DA47CE48A8CB,3F485403B8671C13C3BF51FEE6E02132,653,2342,25171_Lidlfr_promo_2342_14499,Lidl.fr_promo,25171_Lidlfr_promo,25171,http://www.Lidl.fr/fr/moins-cher.htm,Moins cher !,25/02 - 03/03,2.19,
24918_Lidlfr_promo_2342_14499,Nos promos/Moins cher,10 x 100 g,10 burgers à l'oignon,24918_Lidlfr_promo,,24918_Lidlfr_promo_2342,10,<small class="pricecut" style="                color:#e52031;                            background-color:#ffffff;                            border:1px solid #e52031;            "> -13% <em class="priceold" style="                border-left: 2px solid #e52031;            "> 3.59   <small class="specialdesc" style="                background-color: #e52031;            ">18/02 - 24/02  <strong class="price pricebutton" style="                color:#e52031;            "> € 3.09    10 x 100 g,2,3.09,14499,71EA4498975C19C94D97632A94530547,10 burgers à l'oignon,1BC860AC3238E2F97ED098A7C6541249,18/02/2015 13:40:54,€,94F42AC9A3A1627B9A9C4A43C4A6B40F,F1F8D9E8023B645373B6363E6A6EC18C,653,2342,24918_Lidlfr_promo_2342_14499,Lidl.fr_promo,24918_Lidlfr_promo,24918,http://www.Lidl.fr/fr/moins-cher.htm,-13%,18/02 - 24/02,3.59,
24921_Lidlfr_promo_2342_14499,Nos promos/Moins cher,Le sachet de 1 kg,Epinards en branches,24921_Lidlfr_promo,,24921_Lidlfr_promo_2342,10,<small class="pricecut" style="                color:#e52031;                            background-color:#ffffff;                            border:1px solid #e52031;            "> -19% <em class="priceold" style="                border-left: 2px solid #e52031;            "> 0.98   <small class="specialdesc" style="                background-color: #e52031;            ">18/02 - 24/02  <strong class="price pricebutton" style="                color:#e52031;            "> € 0.79    Le sachet de 1 kg,5,0.79,14499,BB1AFBBC3E2CD82812B11AE361EF1E80,Epinards en branches,E74EC27DF9BA1A0B711A095040DF0954,18/02/2015 13:40:54,€,A5A49F25E8E74431F06A347D8BBD5E8E,8EB7BE5A13CC39A3E56B78ABA08B2039,653,2342,24921_Lidlfr_promo_2342_14499,Lidl.fr_promo,24921_Lidlfr_promo,24921,http://www.Lidl.fr/fr/moins-cher.htm,-19%,18/02 - 24/02,0.98,
25043_Lidlfr_promo_2342_14499,Nos promos/Fruits & légumes,Le filet de 500 g,Oignons rouges,25043_Lidlfr_promo,1 kg = 2.98 €,25043_Lidlfr_promo_2342,12,<small class="specialdesc" style="                background-color: #f1830c;            ">18/02 - 21/02  <strong class="price pricebutton" style="                color:#cf6d04;            "> € 1.49    Le filet de 500 g  1 kg = 2.98 €,3,1.49,14499,AF0D27B2AABD25532583F4EC8394FFB3,Oignons rouges,B4506CB613877FF9800BDC27385D276B,18/02/2015 13:41:01,€,544AC1581DDC344F4ED552E106CD9F36,E8F4D8F59F34AC30A908AF58D123135A,653,2342,25043_Lidlfr_promo_2342_14499,Lidl.fr_promo,25043_Lidlfr_promo,25043,http://www.Lidl.fr/fr/fruits-legumes.htm,,18/02 - 21/02,,
25047_Lidlfr_promo_2342_14499,Nos promos/Fruits & légumes,Le filet de 25 kg,Pommes de terre rouges,25047_Lidlfr_promo,1 kg = 0.40 €,25047_Lidlfr_promo_2342,12,<small class="specialdesc" style="                background-color: #f1830c;            ">18/02 - 21/02  <strong class="price pricebutton" style="                color:#cf6d04;            "> € 0.99    Le filet de 25 kg  1 kg = 0.40 €,5,0.99,14499,DCC459F5A1FCA514DA0FE164AC745002,Pommes de terre rouges,1179BB1B74F3AF0BF8073FE0EED0C2CE,18/02/2015 13:41:02,€,75BB44FA6A7963763ACA97CADAC5B5DB,4DAAB94B22B63A9E47C1762083A4C9E0,653,2342,25047_Lidlfr_promo_2342_14499,Lidl.fr_promo,25047_Lidlfr_promo,25047,http://www.Lidl.fr/fr/fruits-legumes.htm,,18/02 - 21/02,,
24981_Lidlfr_promo_2342_14499,Nos promos/Bonnes affaires,L'unité au choix,Cadenas,24981_Lidlfr_promo,,24981_Lidlfr_promo_2342,14,<small class="specialdesc" style="                background-color: #1f4fb8;            ">19/02 - 19/02  <strong class="price pricebutton" style="                color:#1f4fb8;            "> € 4.99    L'unité au choix,1,4.99,14499,9AA6F34CDC4C32F13BF251DAB6F54F3C,Cadenas,A9CE10D334FDA284AEB315E122B5110D,18/02/2015 13:41:10,€,B77C97D39A3872A52505CE92487AD29D,9ADBAADF095C8DE0D2D0B53FE92A5DBB,653,2342,24981_Lidlfr_promo_2342_14499,Lidl.fr_promo,24981_Lidlfr_promo,24981,http://www.Lidl.fr/fr/bonnes-affaires.htm,,19/02 - 19/02,,
24990_Lidlfr_promo_2342_14499,Nos promos/Bonnes affaires,L'unité au choix,Jeu de construction,24990_Lidlfr_promo,,24990_Lidlfr_promo_2342,14,<small class="specialdesc" style="                background-color: #1f4fb8;            ">19/02 - 19/02  <strong class="price pricebutton" style="                color:#1f4fb8;            "> € 7.99    L'unité au choix,2,7.99,14499,236F73BB129F25B0CB70223223B12BA5,Jeu de construction,6F218BAF3DA12F7A5BC3AACC95314A0A,18/02/2015 13:41:10,€,D6D2D89A407D75F7F856E2F0B18E0CA5,D2B6D861D66FA14BB7CF8C6112D13E0D,653,2342,24990_Lidlfr_promo_2342_14499,Lidl.fr_promo,24990_Lidlfr_promo,24990,http://www.Lidl.fr/fr/bonnes-affaires.htm,,19/02 - 19/02,,
25036_Lidlfr_promo_2342_14499,Nos promos/Super samedi,75 cl,Zinfandel Vin de Californie rosé,25036_Lidlfr_promo,1 L = 1.72 €,25036_Lidlfr_promo_2342,11,<small class="pricecut" style="                color:#e52031;                            background-color:#ffffff;                            border:1px solid #e52031;            "> -50% <em class="priceold" style="                border-left: 2px solid #e52031;            "> 2.59   <small class="specialdesc" style="                background-color: #e52031;            ">21/02 - 21/02  <strong class="price pricebutton" style="                color:#e52031;            "> € 1.29    75 cl  1 L = 1.72 €,1,1.29,14499,9CAA62442A7CC7965124772DA6F2296B,Zinfandel Vin de Californie rosé,F464BEF543CE662F2C9F5AAF95E5027B,18/02/2015 13:40:58,€,EDC15C24263CB511B70F8AAA4A1D416B,DA383B7F4FB8B92BB70373274BFA6879,653,2342,25036_Lidlfr_promo_2342_14499,Lidl.fr_promo,25036_Lidlfr_promo,25036,http://www.Lidl.fr/fr/super-samedi.htm,-50%,21/02 - 21/02,2.59,
24992_Lidlfr_promo_2342_14499,Nos promos/Bonnes affaires,L'unité au choix,Voiture télécommandée,24992_Lidlfr_promo,,24992_Lidlfr_promo_2342,14,<small class="specialdesc" style="                background-color: #1f4fb8;            ">19/02 - 19/02  <strong class="price pricebutton" style="                color:#1f4fb8;            "> € 17.99 *   L'unité au choix,4,17.99,14499,88E3BDC448188C614B760E75C86BCFE3,Voiture télécommandée,443D438CF4B1C765E74B46CDD4B5D46F,18/02/2015 13:41:11,€,76EC9884E60F97F4C97F469241DB39C0,E809EFCDEDFD3421D6AF8AA39F754F7B,653,2342,24992_Lidlfr_promo_2342_14499,Lidl.fr_promo,24992_Lidlfr_promo,24992,http://www.Lidl.fr/fr/bonnes-affaires.htm,,19/02 - 19/02,,
25041_Lidlfr_promo_2342_14499,Nos promos/Fruits & légumes,Le filet de 1 kg,Tomates,25041_Lidlfr_promo,,25041_Lidlfr_promo_2342,12,<small class="specialdesc" style="                background-color: #f1830c;            ">18/02 - 21/02  <strong class="price pricebutton" style="                color:#cf6d04;            "> € 0.99    Le filet de 1 kg,1,0.99,14499,B3C5ED276F9D7F1493AB2E77658B92B8,Tomates,E1639CCB68037B3DCA13EB1234F3918A,18/02/2015 13:41:01,€,D36AE754B72F5EE1762DC80351E2484B,F0B77BE6BB9550347D8763F2518CB312,653,2342,25041_Lidlfr_promo_2342_14499,Lidl.fr_promo,25041_Lidlfr_promo,25041,http://www.Lidl.fr/fr/fruits-legumes.htm,,18/02 - 21/02,,
24974_Lidlfr_promo_2342_14499,Nos promos/Plantes & fleurs,La barquette de 10 plans,Primevère acaulis,24974_Lidlfr_promo,Le 18/02,24974_Lidlfr_promo_2342,13,<strong class="price pricebutton" style="                color:#f05660;            "> € 2.49  La barquette de 10 plans  Le 18/02,2,2.49,14499,803217FCA54B74A204BD3902B3C021BF,Primevère acaulis,0990B1AB3C488DA0BFECF8EC8B0BDFBA,18/02/2015 13:41:06,€,CD82D3CB915B4F3433F3C0A2EDC35F85,F138E593207A9B63CE9A539AA94337BC,653,2342,24974_Lidlfr_promo_2342_14499,Lidl.fr_promo,24974_Lidlfr_promo,24974,http://www.Lidl.fr/fr/plantes-fleurs.htm,,,,
24869_Lidlfr_promo_1148_14499,Nos offres/Mercredi 18/02|USA/Mercredi 18/02,480/490/500 ml au choix,Sauce,24869_Lidlfr_promo,1 L = 3.10 €,24869_Lidlfr_promo_1148,18,<strong class="price pricebutton" style="                color:#d83b30;            "> € 1.49  480/490/500 ml au choix  1 L = 3.10 €,4,1.49,14499,287B805F7C2564A1070061BB00695E79,Sauce,4359EBD92A67FEE523F0EAC515DED82E,18/02/2015 13:41:29,€,67C8519A8015F1647B9F8B99AE3CC887,CEC819FA603E0B3F17E6AEAF4A6E6890,655,1148,24869_Lidlfr_promo_1148_14499,Lidl.fr_promo,24869_Lidlfr_promo,24869,http://www.Lidl.fr/fr/offres-513.htm?id=591,,,,
24870_Lidlfr_promo_1148_14499,Nos offres/Mercredi 18/02|USA/Mercredi 18/02,400 g (PNE),Cornichons tranchés,24870_Lidlfr_promo,1 kg = 3.73 €,24870_Lidlfr_promo_1148,18,<strong class="price pricebutton" style="                color:#d83b30;            "> € 1.49  400 g (PNE)  1 kg = 3.73 €,5,1.49,14499,FCF74CCD0088FF5C7A1AD530C219490E,Cornichons tranchés,E08B6D07CCE5DF85DCE0B0C14C683983,18/02/2015 13:41:29,€,4FF2B0EABF6C409A892E20A50405A712,8AC8AB5790BE587836C18B1E2184BAC0,655,1148,24870_Lidlfr_promo_1148_14499,Lidl.fr_promo,24870_Lidlfr_promo,24870,http://www.Lidl.fr/fr/offres-513.htm?id=591,,,,
24872_Lidlfr_promo_1148_14499,Nos offres/Mercredi 18/02|USA/Mercredi 18/02,500 g au choix,Spare ribs (travers de porc),24872_Lidlfr_promo,1 kg = 6.98 €,24872_Lidlfr_promo_1148,18,<strong class="price pricebutton" style="                color:#d83b30;            "> € 3.49  500 g au choix  1 kg = 6.98 €,7,3.49,14499,A11AFA0709EF52CB0023DF67674C7578,Spare ribs (travers de porc),2CC5CC5833EBF2CD3241D70D70D54849,18/02/2015 13:41:30,€,985066006A6302BA0D7FA397F706CC99,B6E61F3A46000AF53590F293DCF35C20,655,1148,24872_Lidlfr_promo_1148_14499,Lidl.fr_promo,24872_Lidlfr_promo,24872,http://www.Lidl.fr/fr/offres-513.htm?id=591,,,,
24791_Lidlfr_promo_1148_14499,Nos offres/Lundi 16/02|Mode enfant/Lundi 16/02,L'unité au choix,Veste imperméable fille,24791_Lidlfr_promo,,24791_Lidlfr_promo_1148,16,<strong class="price pricebutton" style="                color:#ee73aa;            "> € 9.99  L'unité au choix,3,9.99,14499,A3174B0429A75D7D038971C8AB266A12,Veste imperméable fille,7055D596ECD9F455CD20F0279725CEF9,18/02/2015 13:41:20,€,1089369C6AFA5D36E77D36172D7EEC62,2933FEB99140863146F78CA650897C2F,655,1148,24791_Lidlfr_promo_1148_14499,Lidl.fr_promo,24791_Lidlfr_promo,24791,http://www.Lidl.fr/fr/offres-513.htm?id=588,,,,
24793_Lidlfr_promo_1148_14499,Nos offres/Lundi 16/02|Mode enfant/Lundi 16/02,Le lot au choix,2 tee-shirts manches longues fille ou garçon,24793_Lidlfr_promo,,24793_Lidlfr_promo_1148,16,<strong class="price pricebutton" style="                color:#ee73aa;            "> € 3.49  Le lot au choix,5,3.49,14499,FB812EBB66A20A4E8EF413A165C3593A,2 tee-shirts manches longues fille ou garçon,908536DB5183356D63A58895A01CBEA0,18/02/2015 13:41:20,€,4C81661BB1E3B439BBCBD4C2BA4E3724,FDB2B215ACA454782C69BC1EE9A85D81,655,1148,24793_Lidlfr_promo_1148_14499,Lidl.fr_promo,24793_Lidlfr_promo,24793,http://www.Lidl.fr/fr/offres-513.htm?id=588,,,,
24766_Lidlfr_promo_1148_14499,Nos offres/Lundi 16/02|Auto/Moto/Lundi 16/02,La paire au choix,Chaussettes de moto,24766_Lidlfr_promo,,24766_Lidlfr_promo_1148,17,<strong class="price pricebutton" style="                color:#f17230;            "> € 2.99  La paire au choix,11,2.99,14499,A2818279F29CBA4AF8201613E3A799C2,Chaussettes de moto,C7675A46F6D61DC6767E80A2572034E1,18/02/2015 13:41:25,€,19088B4277C07C06DC39A387A52E039E,4527D8D0B1692F0BFD2480464BB20457,655,1148,24766_Lidlfr_promo_1148_14499,Lidl.fr_promo,24766_Lidlfr_promo,24766,http://www.Lidl.fr/fr/offres-513.htm?id=589,,,,
24768_Lidlfr_promo_1148_14499,Nos offres/Lundi 16/02|Auto/Moto/Lundi 16/02,L'unité,Galerie porte-bagages en aluminium,24768_Lidlfr_promo,,24768_Lidlfr_promo_1148,17,<strong class="price pricebutton" style="                color:#f17230;            "> € 34.99  L'unité,13,34.99,14499,11FA63F75DCEF42480C4D81334E39F12,Galerie porte-bagages en aluminium,18A2A31491822825F8F06F6D326FA7C3,18/02/2015 13:41:26,€,FC74D306E686F79305529389A0FD7067,B073CE3B662C38AB02C8FD02CE384A44,655,1148,24768_Lidlfr_promo_1148_14499,Lidl.fr_promo,24768_Lidlfr_promo,24768,http://www.Lidl.fr/fr/offres-513.htm?id=589,,,,
24876_Lidlfr_promo_1148_14499,Nos offres/Mercredi 18/02|USA/Mercredi 18/02,200 g,Préparation pour pancakes,24876_Lidlfr_promo,1 kg = 6.45 €,24876_Lidlfr_promo_1148,18,<strong class="price pricebutton" style="                color:#d83b30;            "> € 1.29  200 g  1 kg = 6.45 €,12,1.29,14499,15760803F05A86F2F782709737225DAD,Préparation pour pancakes,AD1CA087DC2D0DB841F999F4E654F4A2,18/02/2015 13:41:31,€,8F0B6574E51682BE06FA6203231147BF,E04F87E54CA47E7AAC0FDE5F55A2B928,655,1148,24876_Lidlfr_promo_1148_14499,Lidl.fr_promo,24876_Lidlfr_promo,24876,http://www.Lidl.fr/fr/offres-513.htm?id=591,,,,
24878_Lidlfr_promo_1148_14499,Nos offres/Mercredi 18/02|USA/Mercredi 18/02,300 g,6 pancakes,24878_Lidlfr_promo,1 kg = 5.30 €,24878_Lidlfr_promo_1148,18,<strong class="price pricebutton" style="                color:#d83b30;            "> € 1.59  300 g  1 kg = 5.30 €,14,1.59,14499,39A227E823C6C016913580FDF977E3C8,6 pancakes,C4807408EB8D0B296986FF3B3D6B6F83,18/02/2015 13:41:32,€,73397E7B2D235D2BF57CADC770400AF0,519FAB1C21E011CB83230C17046B5CF2,655,1148,24878_Lidlfr_promo_1148_14499,Lidl.fr_promo,24878_Lidlfr_promo,24878,http://www.Lidl.fr/fr/offres-513.htm?id=591,,,,
24757_Lidlfr_promo_1148_14499,Nos offres/Lundi 16/02|Auto/Moto/Lundi 16/02,L'unité au choix,Maillot technique de moto homme,24757_Lidlfr_promo,,24757_Lidlfr_promo_1148,17,<strong class="price pricebutton" style="                color:#f17230;            "> € 14.99  L'unité au choix,3,14.99,14499,1B145E2EBDCB136FC00500E3C1174F8C,Maillot technique de moto homme,F9B194D0A7FEE445CA589CFBB2AF3917,18/02/2015 13:41:23,€,A562492E6EC344CB69920F6949701617,8A4698917FE654CFB25A8BE97C24B4B3,655,1148,24757_Lidlfr_promo_1148_14499,Lidl.fr_promo,24757_Lidlfr_promo,24757,http://www.Lidl.fr/fr/offres-513.htm?id=589,,,,
24760_Lidlfr_promo_1148_14499,Nos offres/Lundi 16/02|Auto/Moto/Lundi 16/02,La paire,Gants de moto,24760_Lidlfr_promo,,24760_Lidlfr_promo_1148,17,<strong class="price pricebutton" style="                color:#f17230;            "> € 19.99  La paire,5,19.99,14499,72D518DF3D9FF3C968C86B14D54558D0,Gants de moto,BC567FA3A493A9EFDFE9580CBCCD6130,18/02/2015 13:41:24,€,A17845974415F3947A5EA145FFC60973,6B41F17ABD11BBC46176560B301A4E24,655,1148,24760_Lidlfr_promo_1148_14499,Lidl.fr_promo,24760_Lidlfr_promo,24760,http://www.Lidl.fr/fr/offres-513.htm?id=589,,,,
24762_Lidlfr_promo_1148_14499,Nos offres/Lundi 16/02|Auto/Moto/Lundi 16/02,L'unité,Cagoule moto,24762_Lidlfr_promo,,24762_Lidlfr_promo_1148,17,<strong class="price pricebutton" style="                color:#f17230;            "> € 4.99  L'unité,7,4.99,14499,551105CE5828048CAC5EA8A486AAE3C8,Cagoule moto,3AD36B885F4A30416F08AE126BB93BBD,18/02/2015 13:41:24,€,0B2586DEFFCEEE698E9931142EBCCFFA,DCE4D150D598F12D9B87A16283857712,655,1148,24762_Lidlfr_promo_1148_14499,Lidl.fr_promo,24762_Lidlfr_promo,24762,http://www.Lidl.fr/fr/offres-513.htm?id=589,,,,
24764_Lidlfr_promo_1148_14499,Nos offres/Lundi 16/02|Auto/Moto/Lundi 16/02,L'unité,Ceinture lombaire,24764_Lidlfr_promo,,24764_Lidlfr_promo_1148,17,<strong class="price pricebutton" style="                color:#f17230;            "> € 4.99  L'unité,9,4.99,14499,DFEEA130B2B3DCA1D4D52EF9F2D4D9E3,Ceinture lombaire,EFEC9DA974E36DD9A6170F791DC8D55D,18/02/2015 13:41:25,€,07F0205184668D76822BB449CBAE5024,44B8B1B5C2C259DF31D9D9B0F53BE68B,655,1148,24764_Lidlfr_promo_1148_14499,Lidl.fr_promo,24764_Lidlfr_promo,24764,http://www.Lidl.fr/fr/offres-513.htm?id=589,,,,
24874_Lidlfr_promo_1148_14499,Nos offres/Mercredi 18/02|USA/Mercredi 18/02,420/438/450 g au choix,Crème glacée,24874_Lidlfr_promo,1 kg = 6.40 €,24874_Lidlfr_promo_1148,18,<strong class="price pricebutton" style="                color:#d83b30;            "> € 2.69  420/438/450 g au choix  1 kg = 6.40 €,11,2.69,14499,25F31E71CA324FAAB35CDF368E58A90F,Crème glacée,84C49C5ECBB5E146934EE990371D9C38,18/02/2015 13:41:31,€,6363DCFFC9161CB6D8A5FFF8A5BE6491,AA08CAA980FEA246EBCFF950B4EAE2E7,655,1148,24874_Lidlfr_promo_1148_14499,Lidl.fr_promo,24874_Lidlfr_promo,24874,http://www.Lidl.fr/fr/offres-513.htm?id=591,,,,
24867_Lidlfr_promo_1148_14499,Nos offres/Mercredi 18/02|USA/Mercredi 18/02,200 g,Chips goût barbecue,24867_Lidlfr_promo,1 kg = 4.95 €,24867_Lidlfr_promo_1148,18,<strong class="price pricebutton" style="                color:#d83b30;            "> € 0.99  200 g  1 kg = 4.95 €,2,0.99,14499,324158FC1BEF0BE782A8BD32B13CEDB7,Chips goût barbecue,B402F4B7007BB42320457EFEBEA13B12,18/02/2015 13:41:29,€,10B018B8EB0A6FB6E79C947AD5AD9569,CBEC56EA8D7B1D9787F7C1297488C798,655,1148,24867_Lidlfr_promo_1148_14499,Lidl.fr_promo,24867_Lidlfr_promo,24867,http://www.Lidl.fr/fr/offres-513.htm?id=591,,,,
24755_Lidlfr_promo_1148_14499,Nos offres/Lundi 16/02|Auto/Moto/Lundi 16/02,L'unité au choix,Etui pour GPS ou manchons scooter,24755_Lidlfr_promo,,24755_Lidlfr_promo_1148,17,<strong class="price pricebutton" style="                color:#f17230;            "> € 9.99  L'unité au choix,1,9.99,14499,757DEF678AE091C9EC98E9F75972B931,Etui pour GPS ou manchons scooter,8A48961A0A8105A932B92110050234F4,18/02/2015 13:41:23,€,004A7D5A26A2D8B3A847FE4D5C3F38BF,96BC82D11851FAD841C56BAC26D777A6,655,1148,24755_Lidlfr_promo_1148_14499,Lidl.fr_promo,24755_Lidlfr_promo,24755,http://www.Lidl.fr/fr/offres-513.htm?id=589,,,,
24847_Lidlfr_promo_1148_14499,Nos offres/Jeudi 19/02|Douce nuit/Jeudi 19/02,L'ensemble au choix,Pyjama homme,24847_Lidlfr_promo,,24847_Lidlfr_promo_1148,19,<strong class="price pricebutton" style="                color:#a65c9b;            "> € 9.99  L'ensemble au choix,7,9.99,14499,1D339B0311A10653DCFE4B3DBB6A4F24,Pyjama homme,E391BAF02C6B0A0F646932895AEB2D02,18/02/2015 13:41:36,€,A33006B378FEBDEECAC7B5F0C2F944BA,0743832AD29F3A3EE0F01243AABBC3B8,655,1148,24847_Lidlfr_promo_1148_14499,Lidl.fr_promo,24847_Lidlfr_promo,24847,http://www.Lidl.fr/fr/offres-513.htm?id=590,,,,
24861_Lidlfr_promo_1148_14499,Nos offres/Jeudi 19/02|Douce nuit/Jeudi 19/02,L'unité au choix,Lampe halogène à pince,24861_Lidlfr_promo,,24861_Lidlfr_promo_1148,19,<strong class="price pricebutton" style="                color:#a65c9b;            "> € 5.99  L'unité au choix,9,5.99,14499,56CEC8B7309F8D033E5153557413A3C8,Lampe halogène à pince,CE335BF5989B4035FFADF62F4FB24C3F,18/02/2015 13:41:37,€,DE5C19355A98A6C18C17AC825424A317,4EE81D87959972EC4F7D90FAE46639F5,655,1148,24861_Lidlfr_promo_1148_14499,Lidl.fr_promo,24861_Lidlfr_promo,24861,http://www.Lidl.fr/fr/offres-513.htm?id=590,,,,
24863_Lidlfr_promo_1148_14499,Nos offres/Jeudi 19/02|Douce nuit/Jeudi 19/02,La paire au choix,Lunettes pliables avec étui,24863_Lidlfr_promo,,24863_Lidlfr_promo_1148,19,<strong class="price pricebutton" style="                color:#a65c9b;            "> € 3.49  La paire au choix,10,3.49,14499,FC73D134E638DFB2A01F4E2D4B1FCD4D,Lunettes pliables avec étui,FE084EBFD2D35BD49410061484C24F47,18/02/2015 13:41:37,€,F709E877AF18712CD3CF5A9935CD060B,66A733FEBE222A5F3AE377F413C19305,655,1148,24863_Lidlfr_promo_1148_14499,Lidl.fr_promo,24863_Lidlfr_promo,24863,http://www.Lidl.fr/fr/offres-513.htm?id=590,,,,
25011_Lidlfr_promo_1148_14499,Nos offres/Lundi 23/02|Extérieur/Lundi 23/02,L'aérosol de 400 ml,Peinture de protection pour métaux,25011_Lidlfr_promo,1 L = 7.47 €,25011_Lidlfr_promo_1148,21,<strong class="price pricebutton" style="                color:#4b650d;            "> € 2.99  L'aérosol de 400 ml  1 L = 7.47 €,1,2.99,14499,88D6E70BCF3AD2B32B0599B306168897,Peinture de protection pour métaux,0C93682F78E0190E73E3438125BD2344,18/02/2015 13:41:45,€,DC79AAB4D069EF89870BA5B5478BAD19,68E3BF852693AD8A72F32FDFE50DC6D4,655,1148,25011_Lidlfr_promo_1148_14499,Lidl.fr_promo,25011_Lidlfr_promo,25011,http://www.Lidl.fr/fr/offres-513.htm?id=594,,,,
25013_Lidlfr_promo_1148_14499,Nos offres/Lundi 23/02|Extérieur/Lundi 23/02,Le pot de 5 L,Lasure déco longue durée,25013_Lidlfr_promo,1 L = 2.59 €,25013_Lidlfr_promo_1148,21,<strong class="price pricebutton" style="                color:#4b650d;            "> € 12.99  Le pot de 5 L  1 L = 2.59 €,3,12.99,14499,29A5B314A169C686578D6DB70D085FF2,Lasure déco longue durée,959A3A2B0AD66059A86720B7DDF98B4D,18/02/2015 13:41:45,€,717783FF11F92EB3AB4661DCF0BC0A9A,7DAC0F8F86AFC0DB7F7854D370346127,655,1148,25013_Lidlfr_promo_1148_14499,Lidl.fr_promo,25013_Lidlfr_promo,25013,http://www.Lidl.fr/fr/offres-513.htm?id=594,,,,
24832_Lidlfr_promo_1148_14499,Nos offres/Jeudi 19/02|Douce nuit/Jeudi 19/02,La parure au choix,Parure de lit en coton renforcé,24832_Lidlfr_promo,,24832_Lidlfr_promo_1148,19,<strong class="price pricebutton" style="                color:#a65c9b;            "> à partir de  € 11.99  La parure au choix,1,11.99,14499,732CD9DCF1D6AC835A83301146A14E2A,Parure de lit en coton renforcé,7EB30AADCB2CBF72CECA9753796E7D9F,18/02/2015 13:41:35,€,BF540B233F5961482418CBD7AEC75720,659F7811510C2A2B265A09A56095C702,655,1148,24832_Lidlfr_promo_1148_14499,Lidl.fr_promo,24832_Lidlfr_promo,24832,http://www.Lidl.fr/fr/offres-513.htm?id=590,,,,
24836_Lidlfr_promo_1148_14499,Nos offres/Jeudi 19/02|Douce nuit/Jeudi 19/02,L'unité,Coussin en microfibre,24836_Lidlfr_promo,,24836_Lidlfr_promo_1148,19,<strong class="price pricebutton" style="                color:#a65c9b;            "> € 8.99  L'unité,2,8.99,14499,201F70778F5BC24C0BE89A76D83D7E77,Coussin en microfibre,B741D94A2CF2000369E2F594D85197D2,18/02/2015 13:41:35,€,FB649BC6F78A8EC7619923544D2B6696,BD44F20EE6AC130433C642094CECD336,655,1148,24836_Lidlfr_promo_1148_14499,Lidl.fr_promo,24836_Lidlfr_promo,24836,http://www.Lidl.fr/fr/offres-513.htm?id=590,,,,
25015_Lidlfr_promo_1148_14499,Nos offres/Lundi 23/02|Extérieur/Lundi 23/02,Le set au choix,Set de pinceaux,25015_Lidlfr_promo,,25015_Lidlfr_promo_1148,21,<strong class="price pricebutton" style="                color:#4b650d;            "> € 7.99  Le set au choix,5,7.99,14499,90E795C57E39768FC257ED2097F19CC0,Set de pinceaux,A8CB61CDD82AED543FC42589D03914CB,18/02/2015 13:41:46,€,C4307C1827CE8D45CAA39F3C9B692B93,05204FDF0A9A07A4EAC25EC99AF7AE24,655,1148,25015_Lidlfr_promo_1148_14499,Lidl.fr_promo,25015_Lidlfr_promo,25015,http://www.Lidl.fr/fr/offres-513.htm?id=594,,,,
25017_Lidlfr_promo_1148_14499,Nos offres/Lundi 23/02|Extérieur/Lundi 23/02,L'unité,Pulvérisateur à pression,25017_Lidlfr_promo,,25017_Lidlfr_promo_1148,21,<strong class="price pricebutton" style="                color:#4b650d;            "> € 3.99  L'unité,7,3.99,14499,F67C5529EAAE30C012301FAD5CBAA27C,Pulvérisateur à pression,E00D9D0574EA414A81D60E719620D6DB,18/02/2015 13:41:46,€,55D26B1A057D9157EEFF06722A71E87C,DB4AF40394D17C2399D9B2BECF0A961D,655,1148,25017_Lidlfr_promo_1148_14499,Lidl.fr_promo,25017_Lidlfr_promo,25017,http://www.Lidl.fr/fr/offres-513.htm?id=594,,,,
24944_Lidlfr_promo_1148_14499,Nos offres/Jeudi 19/02|Maison/Jeudi 19/02,L'unité au choix,Mini commode,24944_Lidlfr_promo,,24944_Lidlfr_promo_1148,20,<strong class="price pricebutton" style="                color:#f3846a;            "> € 14.99*  L'unité au choix,1,14.99,14499,521BD149204CCDCD154698B806C7DE8C,Mini commode,F28C1E86BC0DB9238BEDD84D86B035B6,18/02/2015 13:41:40,€,B9F9467B34B11FE5B032BC4CDA74F37D,4EA59864816087BB60D6E5680C047A5E,655,1148,24944_Lidlfr_promo_1148_14499,Lidl.fr_promo,24944_Lidlfr_promo,24944,http://www.Lidl.fr/fr/offres-513.htm?id=592,,,,
24946_Lidlfr_promo_1148_14499,Nos offres/Jeudi 19/02|Maison/Jeudi 19/02,Le lot au choix,4 boutons de meuble,24946_Lidlfr_promo,,24946_Lidlfr_promo_1148,20,<strong class="price pricebutton" style="                color:#f3846a;            "> € 3.99*  Le lot au choix,3,3.99,14499,5BF96FE7A5AEF8C93763054BD75CEEA3,4 boutons de meuble,42487B4A766B276DA7DB68B8E2B95544,18/02/2015 13:41:40,€,78756A28A7E8630FB8E0A3640F803F5D,52AC89F6FD092A77578033A1B21594FF,655,1148,24946_Lidlfr_promo_1148_14499,Lidl.fr_promo,24946_Lidlfr_promo,24946,http://www.Lidl.fr/fr/offres-513.htm?id=592,,,,
24951_Lidlfr_promo_1148_14499,Nos offres/Jeudi 19/02|Maison/Jeudi 19/02,L'unité au choix,Coussin,24951_Lidlfr_promo,,24951_Lidlfr_promo_1148,20,<strong class="price pricebutton" style="                color:#f3846a;            "> € 4.99  L'unité au choix,9,4.99,14499,D7B65F415935B4C6E8FC46C1D513C9AF,Coussin,B4B197B25D95D0EE21D242354C25AEA8,18/02/2015 13:41:42,€,1089F254936ADE1DF924E26E38DC52F5,493733B1EA397D196293BBF12B839A4F,655,1148,24951_Lidlfr_promo_1148_14499,Lidl.fr_promo,24951_Lidlfr_promo,24951,http://www.Lidl.fr/fr/offres-513.htm?id=592,,,,
24953_Lidlfr_promo_1148_14499,Nos offres/Jeudi 19/02|Maison/Jeudi 19/02,Le lot au choix,2 sets de table,24953_Lidlfr_promo,,24953_Lidlfr_promo_1148,20,<strong class="price pricebutton" style="                color:#f3846a;            "> € 2.99  Le lot au choix,11,2.99,14499,C187C295D50FEE21F9F053E69D7C9FEB,2 sets de table,E20768A043FAC5AE436D54C4EF32A8AE,18/02/2015 13:41:42,€,F3C684EC37D4CE04187399E7D3C17933,ABC8818C03E3574658E1A5DD95D2FF8D,655,1148,24953_Lidlfr_promo_1148_14499,Lidl.fr_promo,24953_Lidlfr_promo,24953,http://www.Lidl.fr/fr/offres-513.htm?id=592,,,,
24881_Lidlfr_promo_1148_14499,Nos offres/Mercredi 18/02|USA/Mercredi 18/02,454 g au choix,Beurre de cacahuète,24881_Lidlfr_promo,1 kg = 5.70 €,24881_Lidlfr_promo_1148,18,<strong class="price pricebutton" style="                color:#d83b30;            "> € 2.59  454 g au choix  1 kg = 5.70 €,17,2.59,14499,1C699B1B2FB3F45D26D8AA3D1B68C578,Beurre de cacahuète,A542C93EE276DFB51955D525FA35D287,18/02/2015 13:41:32,€,60AFB5DD35E847DBE369F29105662584,D0A194DC29EE00D2F22EF573F2D7097F,655,1148,24881_Lidlfr_promo_1148_14499,Lidl.fr_promo,24881_Lidlfr_promo,24881,http://www.Lidl.fr/fr/offres-513.htm?id=591,,,,
24948_Lidlfr_promo_1148_14499,Nos offres/Jeudi 19/02|Maison/Jeudi 19/02,Le lot ou l'unité au choix,Accessoire(s) de décoration,24948_Lidlfr_promo,,24948_Lidlfr_promo_1148,20,<strong class="price pricebutton" style="                color:#f3846a;            "> € 2.99  Le lot ou l'unité au choix,6,2.99,14499,EFCC13E7D52FA89A702DD787F5A7D3BB,Accessoire(s) de décoration,E56E7E7780DB2E68BE449A252302EF59,18/02/2015 13:41:41,€,0072A89B962A13A72763FA5196664908,4579B0511A0E6319628FFC17CC6B3998,655,1148,24948_Lidlfr_promo_1148_14499,Lidl.fr_promo,24948_Lidlfr_promo,24948,http://www.Lidl.fr/fr/offres-513.htm?id=592,,,,
24845_Lidlfr_promo_1148_14499,Nos offres/Jeudi 19/02|Douce nuit/Jeudi 19/02,L'unité au choix,Drap-housse en jersey,24845_Lidlfr_promo,,24845_Lidlfr_promo_1148,19,<strong class="price pricebutton" style="                color:#a65c9b;            "> à partir de  € 5.99  L'unité au choix,5,5.99,14499,757D15BF82CD331E8B8EC09F47FEE82E,Drap-housse en jersey,E74550D1FFA1753BA384E5159FCD0D17,18/02/2015 13:41:36,€,00F6ED09C9DC2B941682D24A32062FDB,FB8AF9B1003EAAF5C36F2F065DA4FCA0,655,1148,24845_Lidlfr_promo_1148_14499,Lidl.fr_promo,24845_Lidlfr_promo,24845,http://www.Lidl.fr/fr/offres-513.htm?id=590,,,,
25107_Lidlfr_promo_1148_14499,Nos offres/Mercredi 25/02|Savoie/Mercredi 25/02,2 x 125 g,Yaourt de Savoie à la praline rose,25107_Lidlfr_promo,1 kg = 5.56 €,25107_Lidlfr_promo_1148,22,<strong class="price pricebutton" style="                color:#007d9b;            "> € 1.39  2 x 125 g  1 kg = 5.56 €,14,1.39,14499,9B09C5650BA851831C3B000DACD78E72,Yaourt de Savoie à la praline rose,156B7FE3458C12A73E243E9E9BD7C6B9,18/02/2015 13:41:53,€,0141D220AB3283DB64B86A40628D6721,B76226C0B9542B5FA7C4FF56FF755802,655,1148,25107_Lidlfr_promo_1148_14499,Lidl.fr_promo,25107_Lidlfr_promo,25107,http://www.Lidl.fr/fr/offres-513.htm?id=596,,,,
25109_Lidlfr_promo_1148_14499,Nos offres/Mercredi 25/02|Savoie/Mercredi 25/02,70 cl,Absinthe,25109_Lidlfr_promo,1 L = 24.27 €,25109_Lidlfr_promo_1148,22,<strong class="price pricebutton" style="                color:#007d9b;            "> € 16.99  70 cl  1 L = 24.27 €,16,16.99,14499,9D9039724E8B326C6874301408B99744,Absinthe,65DE207B3CD27984B4E719054A68EE55,18/02/2015 13:41:53,€,A2AE3620581E47CA25F8EBAB593CD49C,B759459D85D5C74EBD26499BBDB165E1,655,1148,25109_Lidlfr_promo_1148_14499,Lidl.fr_promo,25109_Lidlfr_promo,25109,http://www.Lidl.fr/fr/offres-513.htm?id=596,,,,
25110_Lidlfr_promo_1148_14499,Nos offres/Mercredi 25/02|Savoie/Mercredi 25/02,70 cl,Génépi des Alpes,25110_Lidlfr_promo,1 L = 17.13 €,25110_Lidlfr_promo_1148,22,<strong class="price pricebutton" style="                color:#007d9b;            "> € 11.99  70 cl  1 L = 17.13 €,17,11.99,14499,9441EA925ECE7DD9CC0B79AC23339D56,Génépi des Alpes,A85D48888BA6B7B84833B5D753BE2565,18/02/2015 13:41:53,€,D6ED9887499D7D5959C71B15FD661165,C14D241ACBC5861CFB8BD95CF2535812,655,1148,25110_Lidlfr_promo_1148_14499,Lidl.fr_promo,25110_Lidlfr_promo,25110,http://www.Lidl.fr/fr/offres-513.htm?id=596,,,,
25099_Lidlfr_promo_1148_14499,Nos offres/Mercredi 25/02|Savoie/Mercredi 25/02,300 g,Tartiflette au reblochon de Savoie AOP Label Rouge,25099_Lidlfr_promo,1 kg = 9.97 €,25099_Lidlfr_promo_1148,22,<strong class="price pricebutton" style="                color:#007d9b;            "> € 2.99  300 g  1 kg = 9.97 €,6,2.99,14499,4DFD030781C51DAC5AEF911752EA0AA9,Tartiflette au reblochon de Savoie AOP Label Rouge,81D9B4296CDF7447DA11C3303300705D,18/02/2015 13:41:51,€,EFB4753C672FADDB1F908EBA62BB4A40,BC4647BDDD46EE572310781A51030572,655,1148,25099_Lidlfr_promo_1148_14499,Lidl.fr_promo,25099_Lidlfr_promo,25099,http://www.Lidl.fr/fr/offres-513.htm?id=596,,,,
25101_Lidlfr_promo_1148_14499,Nos offres/Mercredi 25/02|Savoie/Mercredi 25/02,350 g,Tarte flambée recette raclette,25101_Lidlfr_promo,1 kg = 7.11 €,25101_Lidlfr_promo_1148,22,<strong class="price pricebutton" style="                color:#007d9b;            "> € 2.49  350 g  1 kg = 7.11 €,8,2.49,14499,0D390C4900814707391215D4A5E60BF6,Tarte flambée recette raclette,C7D2E295C184C32AFED0B4C801C3A4C6,18/02/2015 13:41:51,€,C2BF059A338E8D78B600D05254789A27,940222ADE2401C27CF112992065C8877,655,1148,25101_Lidlfr_promo_1148_14499,Lidl.fr_promo,25101_Lidlfr_promo,25101,http://www.Lidl.fr/fr/offres-513.htm?id=596,,,,
25097_Lidlfr_promo_1148_14499,Nos offres/Mercredi 25/02|Savoie/Mercredi 25/02,600 g,Crozets au beaufort AOP et mini diots,25097_Lidlfr_promo,1 kg = 8.82 €,25097_Lidlfr_promo_1148,22,<strong class="price pricebutton" style="                color:#007d9b;            "> € 5.29  600 g  1 kg = 8.82 €,3,5.29,14499,78F449D8B9B640AF4D540CA3393F7E3C,Crozets au beaufort AOP et mini diots,D8FDA6A14FAE148E9E7BD076BD61DA57,18/02/2015 13:41:50,€,C2177168EF854C5CB6A42418CF384D23,233E90F3F8794E85BC244BE259A99724,655,1148,25097_Lidlfr_promo_1148_14499,Lidl.fr_promo,25097_Lidlfr_promo,25097,http://www.Lidl.fr/fr/offres-513.htm?id=596,,,,
25112_Lidlfr_promo_1148_14499,Nos offres/Mercredi 25/02|Savoie/Mercredi 25/02,600 g,Gratin savoyard au beaufort AOP et mini diots,25112_Lidlfr_promo,1 kg = 8.32 €,25112_Lidlfr_promo_1148,22,<strong class="price pricebutton" style="                color:#007d9b;            "> € 4.99  600 g  1 kg = 8.32 €,4,4.99,14499,50AE4B3AE29D36F38E2566DE5BC15CA3,Gratin savoyard au beaufort AOP et mini diots,468D434AA357C1C155B16A7D8435EACB,18/02/2015 13:41:50,€,D7716DEF0DE89C3756F29046D4524E93,F02E21C27440AEF2E5C495CE615279E3,655,1148,25112_Lidlfr_promo_1148_14499,Lidl.fr_promo,25112_Lidlfr_promo,25112,http://www.Lidl.fr/fr/offres-513.htm?id=596,,,,
25103_Lidlfr_promo_1148_14499,Nos offres/Mercredi 25/02|Savoie/Mercredi 25/02,325 g,Tarte aux 3 fromages savoyards,25103_Lidlfr_promo,1 kg = 12.28 €,25103_Lidlfr_promo_1148,22,<strong class="price pricebutton" style="                color:#007d9b;            "> € 3.99  325 g  1 kg = 12.28 €,10,3.99,14499,05D22859D6CFFBA059DB9C03EE4A6E11,Tarte aux 3 fromages savoyards,BA97B6A5AE56B22D7629E33BD6DC78C7,18/02/2015 13:41:52,€,20F1AA9ACE4DF16C6A75BD656821132B,D82604DE52C7A4C0D104443D90790B81,655,1148,25103_Lidlfr_promo_1148_14499,Lidl.fr_promo,25103_Lidlfr_promo,25103,http://www.Lidl.fr/fr/offres-513.htm?id=596,,,,
25105_Lidlfr_promo_1148_14499,Nos offres/Mercredi 25/02|Savoie/Mercredi 25/02,300 g,Tomme de Savoie IGP,25105_Lidlfr_promo,1 kg = 10.30 €,25105_Lidlfr_promo_1148,22,<strong class="price pricebutton" style="                color:#007d9b;            "> € 3.09  300 g  1 kg = 10.30 €,12,3.09,14499,ADAC402393CA32366B79E602A499A8C4,Tomme de Savoie IGP,126AF0BC51FD33385D9ABF3427DBFFAD,18/02/2015 13:41:52,€,71C259D9797F8A1C8113713536A35924,DA29469A4B6418140138895517BE93C4,655,1148,25105_Lidlfr_promo_1148_14499,Lidl.fr_promo,25105_Lidlfr_promo,25105,http://www.Lidl.fr/fr/offres-513.htm?id=596,,,,
25143_Lidlfr_promo_1148_14499,Nos offres/Mercredi 25/02|Viandes de bœuf/Mercredi 25/02,10 x 100 g,Steaks hachés pur bœuf,25143_Lidlfr_promo,,25143_Lidlfr_promo_1148,23,<strong class="price pricebutton" style="                color:#eb212e;            "> € 5.17  10 x 100 g,6,5.17,14499,4BB670914E64ED1E0CC333529C8A96C1,Steaks hachés pur bœuf,6B8F0B98998C6C385665AF65C881B644,18/02/2015 13:41:57,€,19032BA9F4502DFA1D10C3A234CDC594,BFC58C81E954A4EE8722992437A86D9D,655,1148,25143_Lidlfr_promo_1148_14499,Lidl.fr_promo,25143_Lidlfr_promo,25143,http://www.Lidl.fr/fr/offres-513.htm?id=597,,,,
25145_Lidlfr_promo_1148_14499,Nos offres/Mercredi 25/02|Viandes de bœuf/Mercredi 25/02,8 x 125 g,Steaks hachés façon bouchère pur bœuf,25145_Lidlfr_promo,,25145_Lidlfr_promo_1148,23,<strong class="price pricebutton" style="                color:#eb212e;            "> € 7.29  8 x 125 g,8,7.29,14499,082D6B069DC624A2FE46348B1ECDFD9B,Steaks hachés façon bouchère pur bœuf,9603F500231335098C3583B9723E8490,18/02/2015 13:41:57,€,D27C6E776B476EF164BEDC71024BD523,BE419CDF098BAE8C8530EA4F19AF3837,655,1148,25145_Lidlfr_promo_1148_14499,Lidl.fr_promo,25145_Lidlfr_promo,25145,http://www.Lidl.fr/fr/offres-513.htm?id=597,,,,
25019_Lidlfr_promo_1148_14499,Nos offres/Lundi 23/02|Extérieur/Lundi 23/02,L'unité au choix,Jardinière avec niveau d'eau,25019_Lidlfr_promo,,25019_Lidlfr_promo_1148,21,<strong class="price pricebutton" style="                color:#4b650d;            "> à partir de  € 4.99  L'unité au choix,10,4.99,14499,DF383F1C110F67D15BBF65FDC0EE7306,Jardinière avec niveau d'eau,BCDB0BEA55540823BA556DF852E4B224,18/02/2015 13:41:47,€,4140C75C5B825452FF138517D213F8E0,112473807DF45853E16204788CE21E2C,655,1148,25019_Lidlfr_promo_1148_14499,Lidl.fr_promo,25019_Lidlfr_promo,25019,http://www.Lidl.fr/fr/offres-513.htm?id=594,,,,
25020_Lidlfr_promo_1148_14499,Nos offres/Lundi 23/02|Extérieur/Lundi 23/02,L'unité au choix,Paillasson,25020_Lidlfr_promo,,25020_Lidlfr_promo_1148,21,<strong class="price pricebutton" style="                color:#4b650d;            "> € 2.99  L'unité au choix,11,2.99,14499,57F8CFCAC28C6E89F2EDAC948239AA40,Paillasson,6EE2533FE09A1F8879A878A7B73E2DA9,18/02/2015 13:41:47,€,A0C9B780B86BA58D39F29EB71A95D366,39E947EB63C8BAC0A911B23AC881C9BB,655,1148,25020_Lidlfr_promo_1148_14499,Lidl.fr_promo,25020_Lidlfr_promo,25020,http://www.Lidl.fr/fr/offres-513.htm?id=594,,,,
25095_Lidlfr_promo_1148_14499,Nos offres/Mercredi 25/02|Savoie/Mercredi 25/02,3 x 180 g,Assortiment de 3 terrines savoyardes,25095_Lidlfr_promo,1 kg = 4.61 €,25095_Lidlfr_promo_1148,22,<strong class="price pricebutton" style="                color:#007d9b;            "> € 2.49  3 x 180 g  1 kg = 4.61 €,1,2.49,14499,959A6977DB6BA4B53BF16AC5F23901E0,Assortiment de 3 terrines savoyardes,9A32E29ED9076D9B0C79FE8154E4C19E,18/02/2015 13:41:49,€,B077CA051764C18445A74BBC77638B28,875FFA7F896A4DA039E296E2D1F54937,655,1148,25095_Lidlfr_promo_1148_14499,Lidl.fr_promo,25095_Lidlfr_promo,25095,http://www.Lidl.fr/fr/offres-513.htm?id=596,,,,
25147_Lidlfr_promo_1148_14499,Nos offres/Mercredi 25/02|Viandes de bœuf/Mercredi 25/02,30 x 30 g,Boulettes au bœuf,25147_Lidlfr_promo,1 kg = 4.83 €,25147_Lidlfr_promo_1148,23,<strong class="price pricebutton" style="                color:#eb212e;            "> € 4.35  30 x 30 g  1 kg = 4.83 €,10,4.35,14499,B0B7B14C635DDF5F283E8DAC059745CA,Boulettes au bœuf,725F9C0C30EBB3F439467C555E626BFE,18/02/2015 13:41:58,€,07C1A8382F0C4A24D6818CB8C4BEDD03,18318DA7DAE61A542729D9DA994161BE,655,1148,25147_Lidlfr_promo_1148_14499,Lidl.fr_promo,25147_Lidlfr_promo,25147,http://www.Lidl.fr/fr/offres-513.htm?id=597,,,,
25141_Lidlfr_promo_1148_14499,Nos offres/Mercredi 25/02|Viandes de bœuf/Mercredi 25/02,180 g,1 entrecôte,25141_Lidlfr_promo,1 kg = 19.94 €,25141_Lidlfr_promo_1148,23,<strong class="price pricebutton" style="                color:#eb212e;            "> € 3.59  180 g  1 kg = 19.94 €,4,3.59,14499,FE585529494A008DE969620533D752FC,1 entrecôte,2E0E49EB8D27D1660C85346232B19E97,18/02/2015 13:41:56,€,242ED0C9E45CD562E6491E0D04FDAC16,0B7127C966FA2DC3E83D3C9651E9D9B6,655,1148,25141_Lidlfr_promo_1148_14499,Lidl.fr_promo,25141_Lidlfr_promo,25141,http://www.Lidl.fr/fr/offres-513.htm?id=597,,,,
24935_Lidlfr_promo_1148_14499,Nos promos/Moins cher,75 cl,Côtes de Bordeaux AOP,24935_Lidlfr_promo,1 L = 2.79 €,24935_Lidlfr_promo_1148,25,<small class="pricecut" style="                color:#e52031;                            background-color:#ffffff;                            border:1px solid #e52031;            "> -22% <em class="priceold" style="                border-left: 2px solid #e52031;            "> 2.69   <small class="specialdesc" style="                background-color: #e52031;            ">18/02 - 24/02  <strong class="price pricebutton" style="                color:#e52031;            "> € 2.09    75 cl  1 L = 2.79 €,12,2.09,14499,57094FABF183A9D10DDA4D23E5755402,Côtes de Bordeaux AOP,D8DB8C8B25BEE2260643F7E0C89ED2A6,18/02/2015 13:42:04,€,44B385509DA3BB3286F75AF800E6929E,546B5E6A6DFE42925B8A87EBCAC1A9CB,655,1148,24935_Lidlfr_promo_1148_14499,Lidl.fr_promo,24935_Lidlfr_promo,24935,http://www.Lidl.fr/fr/moins-cher.htm,-22%,18/02 - 24/02,2.69,
25161_Lidlfr_promo_1148_14499,Nos promos/Moins cher,180 g,Jambon supérieur,25161_Lidlfr_promo,1 kg = 6.61 €,25161_Lidlfr_promo_1148,25,<small class="pricecut" style="                color:#e52031;                            background-color:#ffffff;                            border:1px solid #e52031;            "> -20% <em class="priceold" style="                border-left: 2px solid #e52031;            "> 1.49   <small class="specialdesc" style="                background-color: #e52031;            ">25/02 - 03/03  <strong class="price pricebutton" style="                color:#e52031;            "> € 1.19    180 g  1 kg = 6.61 €,16,1.19,14499,AA17845B1092E3B9E0AFF71E001946D8,Jambon supérieur,9B423E632ECFBAA0951B9E77D0E255F7,18/02/2015 13:42:04,€,D5BA802661EB52DE4DFA7AF081EC45BE,A7A6B51B4DA2A493F024AAC42D94C7CD,655,1148,25161_Lidlfr_promo_1148_14499,Lidl.fr_promo,25161_Lidlfr_promo,25161,http://www.Lidl.fr/fr/moins-cher.htm,-20%,25/02 - 03/03,1.49,
25163_Lidlfr_promo_1148_14499,Nos promos/Moins cher,100 g,Jambon de Bayonne IGP,25163_Lidlfr_promo,1 kg = 12.90 €,25163_Lidlfr_promo_1148,25,<small class="pricecut" style="                color:#e52031;                            background-color:#ffffff;                            border:1px solid #e52031;            "> -13% <em class="priceold" style="                border-left: 2px solid #e52031;            "> 1.49   <small class="specialdesc" style="                background-color: #e52031;            ">25/02 - 03/03  <strong class="price pricebutton" style="                color:#e52031;            "> € 1.29    100 g  1 kg = 12.90 €,18,1.29,14499,2E0E11AC8BA8C3C65AF7C9249CEC1C85,Jambon de Bayonne IGP,83B95E33BC9708781FE1C86CE202FE53,18/02/2015 13:42:05,€,7F0B2269C88273B15150E58FB2C88E2A,7E4DDECD5564E9FE8A83E41821797CA3,655,1148,25163_Lidlfr_promo_1148_14499,Lidl.fr_promo,25163_Lidlfr_promo,25163,http://www.Lidl.fr/fr/moins-cher.htm,-13%,25/02 - 03/03,1.49,
25165_Lidlfr_promo_1148_14499,Nos promos/Moins cher,2 x 400 g,Raclette en tranchettes,25165_Lidlfr_promo,1 kg = 5.49 €,25165_Lidlfr_promo_1148,25,<small class="pricecut" style="                color:#e52031;                            background-color:#ffffff;                            border:1px solid #e52031;            "> -17% <em class="priceold" style="                border-left: 2px solid #e52031;            "> 5.29   <small class="specialdesc" style="                background-color: #e52031;            ">25/02 - 03/03  <strong class="price pricebutton" style="                color:#e52031;            "> € 4.39    2 x 400 g  1 kg = 5.49 €,20,4.39,14499,08070F0E248094FDA18E877112E04BD5,Raclette en tranchettes,7F929CB0CCE4DFADE2F23A1DB12034FA,18/02/2015 13:42:05,€,CCF02E96E8487FF5F200C1CCB8AD13A4,3773B6CF600F775304F7489130B3D7D1,655,1148,25165_Lidlfr_promo_1148_14499,Lidl.fr_promo,25165_Lidlfr_promo,25165,http://www.Lidl.fr/fr/moins-cher.htm,-17%,25/02 - 03/03,5.29,
25167_Lidlfr_promo_1148_14499,Nos promos/Moins cher,250 g,Morbier au lait cru AOP,25167_Lidlfr_promo,1 kg = 6.76 €,25167_Lidlfr_promo_1148,25,<small class="pricecut" style="                color:#e52031;                            background-color:#ffffff;                            border:1px solid #e52031;            "> -21% <em class="priceold" style="                border-left: 2px solid #e52031;            "> 2.15   <small class="specialdesc" style="                background-color: #e52031;            ">25/02 - 03/03  <strong class="price pricebutton" style="                color:#e52031;            "> € 1.69    250 g  1 kg = 6.76 €,22,1.69,14499,EF02DA050CDE2B8991927575E900036D,Morbier au lait cru AOP,58F34D4FC94263FEAD23D43D2FC9707F,18/02/2015 13:42:05,€,C1B8EBBEF8A6DD1CE78FF3377E89F82A,25485DF232E188A3F3E514EE1C9DE020,655,1148,25167_Lidlfr_promo_1148_14499,Lidl.fr_promo,25167_Lidlfr_promo,25167,http://www.Lidl.fr/fr/moins-cher.htm,-21%,25/02 - 03/03,2.15,
25169_Lidlfr_promo_1148_14499,Nos promos/Moins cher,350 g au choix,Lunettes de Romans,25169_Lidlfr_promo,1 kg = 4.54 €,25169_Lidlfr_promo_1148,25,<small class="pricecut" style="                color:#e52031;                            background-color:#ffffff;                            border:1px solid #e52031;            "> -20% <em class="priceold" style="                border-left: 2px solid #e52031;            "> 1.99   <small class="specialdesc" style="                background-color: #e52031;            ">25/02 - 03/03  <strong class="price pricebutton" style="                color:#e52031;            "> € 1.59    350 g au choix  1 kg = 4.54 €,24,1.59,14499,7622480D02051EE4117E73638419A446,Lunettes de Romans,48B05B8D7B16DF00FD65E69BA62CEFF6,18/02/2015 13:42:05,€,31D6498402E17E98344C88DECFB5E89D,8DE251FEAE057B8675FB551E684A295C,655,1148,25169_Lidlfr_promo_1148_14499,Lidl.fr_promo,25169_Lidlfr_promo,25169,http://www.Lidl.fr/fr/moins-cher.htm,-20%,25/02 - 03/03,1.99,
25170_Lidlfr_promo_1148_14499,Nos promos/Moins cher,8 x 100 g au choix,Fromage blanc,25170_Lidlfr_promo,1 kg = 1.56 €,25170_Lidlfr_promo_1148,25,<small class="pricecut" style="                color:#e52031;                            background-color:#ffffff;                            border:1px solid #e52031;            "> -19% <em class="priceold" style="                border-left: 2px solid #e52031;            "> 1.55   <small class="specialdesc" style="                background-color: #e52031;            ">25/02 - 03/03  <strong class="price pricebutton" style="                color:#e52031;            "> € 1.25    8 x 100 g au choix  1 kg = 1.56 €,25,1.25,14499,5FD737F1618B4F78172570D6E63444CF,Fromage blanc,E3BE58094EF698D8AEF0ACB6AD5CA515,18/02/2015 13:42:05,€,B10D3CE15B0C95EE0A8CD4E1ABA2C94D,4D70135CF4B09E7B072F9F78863F2600,655,1148,25170_Lidlfr_promo_1148_14499,Lidl.fr_promo,25170_Lidlfr_promo,25170,http://www.Lidl.fr/fr/moins-cher.htm,-19%,25/02 - 03/03,1.55,
24917_Lidlfr_promo_1148_14499,Nos promos/Moins cher,800 g,Pilons de poulet,24917_Lidlfr_promo,1 kg = 3.74 €,24917_Lidlfr_promo_1148,25,<small class="pricecut" style="                color:#e52031;                            background-color:#ffffff;                            border:1px solid #e52031;            "> -18% <em class="priceold" style="                border-left: 2px solid #e52031;            "> 3.69   <small class="specialdesc" style="                background-color: #e52031;            ">18/02 - 24/02  <strong class="price pricebutton" style="                color:#e52031;            "> € 2.99    800 g  1 kg = 3.74 €,1,2.99,14499,E2AFA81B43B2621A06797F0F2706B2A5,Pilons de poulet,850B6601F8D1331AA1F1612EE3835E9E,18/02/2015 13:42:03,€,D1C85DBD3CDBB7AA328C890D5243AA07,905FB31E485E7F2FAD5CBA1F425D72E6,655,1148,24917_Lidlfr_promo_1148_14499,Lidl.fr_promo,24917_Lidlfr_promo,24917,http://www.Lidl.fr/fr/moins-cher.htm,-18%,18/02 - 24/02,3.69,
24919_Lidlfr_promo_1148_14499,Nos promos/Moins cher,6 x 130 g,6 cheeseburgers au bœuf,24919_Lidlfr_promo,1 kg = 3.83 €,24919_Lidlfr_promo_1148,25,<small class="pricecut" style="                color:#e52031;                            background-color:#ffffff;                            border:1px solid #e52031;            "> -18% <em class="priceold" style="                border-left: 2px solid #e52031;            "> 3.69   <small class="specialdesc" style="                background-color: #e52031;            ">18/02 - 24/02  <strong class="price pricebutton" style="                color:#e52031;            "> € 2.99    6 x 130 g  1 kg = 3.83 €,3,2.99,14499,69149D37C7E6C2F75766303B33B659E6,6 cheeseburgers au bœuf,936E1E656C588CF48C9BE09ED42DFF82,18/02/2015 13:42:04,€,84FEE8E0FDBD400CE64DB1424EF05274,3A451D508BE07D684C2FACE70E6ECF9D,655,1148,24919_Lidlfr_promo_1148_14499,Lidl.fr_promo,24919_Lidlfr_promo,24919,http://www.Lidl.fr/fr/moins-cher.htm,-18%,18/02 - 24/02,3.69,
24920_Lidlfr_promo_1148_14499,Nos promos/Moins cher,2 x 150 g au choix,2 cheeseburgers,24920_Lidlfr_promo,1 kg = 5.30 €,24920_Lidlfr_promo_1148,25,<small class="pricecut" style="                color:#e52031;                            background-color:#ffffff;                            border:1px solid #e52031;            "> -20% <em class="priceold" style="                border-left: 2px solid #e52031;            "> 1.99   <small class="specialdesc" style="                background-color: #e52031;            ">18/02 - 24/02  <strong class="price pricebutton" style="                color:#e52031;            "> € 1.59    2 x 150 g au choix  1 kg = 5.30 €,4,1.59,14499,121D366A4863D7DE2B08EA025830272C,2 cheeseburgers,E67B69E00DC5C3EE42C2F62B9F20B4CB,18/02/2015 13:42:04,€,8C7D632640C3C54A42C2C1C41E44FF98,F00C0EEB95F5A928C3814BC3B3EE962B,655,1148,24920_Lidlfr_promo_1148_14499,Lidl.fr_promo,24920_Lidlfr_promo,24920,http://www.Lidl.fr/fr/moins-cher.htm,-20%,18/02 - 24/02,1.99,
24922_Lidlfr_promo_1148_14499,Nos promos/Moins cher,Soit le lot de 2 x 275 g,Le Rustique camembert,24922_Lidlfr_promo,1 kg = 4.22 €,24922_Lidlfr_promo_1148,25,<small class="pricecut" style="                color:#e52031;                            background-color:#ffffff;                            border:1px solid #e52031;            "> -50% sur le 2ème  <small class="specialdesc" style="                background-color: #e52031;            ">18/02 - 24/02  <strong class="price pricebutton" style="                color:#e52031;            "> € 2.32    Soit le lot de 2 x 275 g  1 kg = 4.22 €,6,2.32,14499,17481297B39A5D04B768C97419A474DD,Le Rustique camembert,8FC1B1ADE6DAF091D19196968093CD17,18/02/2015 13:42:04,€,62547441D60AC7423519462127DD07FA,4BADF6FCE1FB568BA4D71E1645E5DA27,655,1148,24922_Lidlfr_promo_1148_14499,Lidl.fr_promo,24922_Lidlfr_promo,24922,http://www.Lidl.fr/fr/moins-cher.htm,-50% sur le 2ème,18/02 - 24/02,,
24931_Lidlfr_promo_1148_14499,Nos promos/Moins cher,4 x 80 g au choix,Mousse liégeoise,24931_Lidlfr_promo,1 kg = 2.47 €,24931_Lidlfr_promo_1148,25,<small class="pricecut" style="                color:#e52031;                            background-color:#ffffff;                            border:1px solid #e52031;            "> -20% <em class="priceold" style="                border-left: 2px solid #e52031;            "> 0.99   <small class="specialdesc" style="                background-color: #e52031;            ">18/02 - 24/02  <strong class="price pricebutton" style="                color:#e52031;            "> € 0.79    4 x 80 g au choix  1 kg = 2.47 €,8,0.79,14499,8AD792E316A56133F68E8493F0CF1D2D,Mousse liégeoise,63B1EE9A82228EAA5672DBEDBED02638,18/02/2015 13:42:04,€,65E2BCCD54692A1B46CC1E64EB704CE7,474E406FC68C5E3F0BCE9A7206CDEF5E,655,1148,24931_Lidlfr_promo_1148_14499,Lidl.fr_promo,24931_Lidlfr_promo,24931,http://www.Lidl.fr/fr/moins-cher.htm,-20%,18/02 - 24/02,0.99,
24933_Lidlfr_promo_1148_14499,Nos promos/Moins cher,La bouteille de 1 L,Pur jus de 4 agrumes,24933_Lidlfr_promo,,24933_Lidlfr_promo_1148,25,<small class="pricecut" style="                color:#e52031;                            background-color:#ffffff;                            border:1px solid #e52031;            "> -20% <em class="priceold" style="                border-left: 2px solid #e52031;            "> 0.99   <small class="specialdesc" style="                background-color: #e52031;            ">18/02 - 24/02  <strong class="price pricebutton" style="                color:#e52031;            "> € 0.79    La bouteille de 1 L,10,0.79,14499,000D562AFB77B582CA15F738F4F353F6,Pur jus de 4 agrumes,65CEDD43E7B578A545D450CC95EF2A2D,18/02/2015 13:42:04,€,436B2E2E055BDDC878EF3D60059E2B98,942DAAC277DACED487D09DDCBE753D73,655,1148,24933_Lidlfr_promo_1148_14499,Lidl.fr_promo,24933_Lidlfr_promo,24933,http://www.Lidl.fr/fr/moins-cher.htm,-20%,18/02 - 24/02,0.99,
25042_Lidlfr_promo_1148_14499,Nos promos/Fruits & légumes,La pièce,Salade iceberg,25042_Lidlfr_promo,,25042_Lidlfr_promo_1148,27,<small class="specialdesc" style="                background-color: #f1830c;            ">18/02 - 21/02  <strong class="price pricebutton" style="                color:#cf6d04;            "> € 0.79    La pièce,2,0.79,14499,00443201F203FFA24938B88DCA970157,Salade iceberg,7E596C740EC4AD50C4B4CA535FB06313,18/02/2015 13:42:10,€,A4DAC1481F3600C5AEB820ED324B434D,4F7E82050E79D3F6A24897B6413CB90F,655,1148,25042_Lidlfr_promo_1148_14499,Lidl.fr_promo,25042_Lidlfr_promo,25042,http://www.Lidl.fr/fr/fruits-legumes.htm,,18/02 - 21/02,,
25044_Lidlfr_promo_1148_14499,Nos promos/Fruits & légumes,La barquette de 1 kg,Carottes des sables,25044_Lidlfr_promo,,25044_Lidlfr_promo_1148,27,<small class="specialdesc" style="                background-color: #f1830c;            ">18/02 - 21/02  <strong class="price pricebutton" style="                color:#cf6d04;            "> € 1.29    La barquette de 1 kg,4,1.29,14499,B81E4A7A79BFC758E87CFE0AD0F8D53E,Carottes des sables,EF9F11198ABFC0176F172467EB99EA93,18/02/2015 13:42:11,€,B7077A026B708AA8661639CBDE281A83,BCEA8E33F6A05964BDF4AC26C1AA89CF,655,1148,25044_Lidlfr_promo_1148_14499,Lidl.fr_promo,25044_Lidlfr_promo,25044,http://www.Lidl.fr/fr/fruits-legumes.htm,,18/02 - 21/02,,
24982_Lidlfr_promo_1148_14499,Nos promos/Plantes & fleurs,L'unité au choix,Rosier grimpant en motte,24982_Lidlfr_promo,Le 21/02,24982_Lidlfr_promo_1148,28,<strong class="price pricebutton" style="                color:#f05660;            "> € 2.49  L'unité au choix  Le 21/02,3,2.49,14499,03E5F0C008F26E6B209811FEBC2316B5,Rosier grimpant en motte,48DF273252C5C2CA4401E182C9815A36,18/02/2015 13:42:15,€,8F192D2F7BE9F0626127ACA0DD139DD5,E945A4E090CD71ACBF4CFCC6FF54AD9C,655,1148,24982_Lidlfr_promo_1148_14499,Lidl.fr_promo,24982_Lidlfr_promo,24982,http://www.Lidl.fr/fr/plantes-fleurs.htm,,,,
24986_Lidlfr_promo_1148_14499,Nos promos/Plantes & fleurs,L'unité,Narcisses,24986_Lidlfr_promo,Le 23/02,24986_Lidlfr_promo_1148,28,<strong class="price pricebutton" style="                color:#f05660;            "> € 1.29  L'unité  Le 23/02,4,1.29,14499,DF9E31B12B1B5DE2420B0EFD2017E97D,Narcisses,CB57F8319FF33001000A0B6486467C35,18/02/2015 13:42:16,€,809B05B2682DABB34328B84092592DD4,77B1AE6BE955316D7234F2BC5A409CDD,655,1148,24986_Lidlfr_promo_1148_14499,Lidl.fr_promo,24986_Lidlfr_promo,24986,http://www.Lidl.fr/fr/plantes-fleurs.htm,,,,
25035_Lidlfr_promo_1148_14499,Nos promos/Super samedi,750 g,Paupiettes de porc,25035_Lidlfr_promo,1 kg = 5.32 €,25035_Lidlfr_promo_1148,26,<small class="pricecut" style="                color:#e52031;                            background-color:#ffffff;                            border:1px solid #e52031;            "> -22% <em class="priceold" style="                border-left: 2px solid #e52031;            "> 5.15   <small class="specialdesc" style="                background-color: #e52031;            ">21/02 - 21/02  <strong class="price pricebutton" style="                color:#e52031;            "> € 3.99    750 g  1 kg = 5.32 €,2,3.99,14499,380351962ED7C0BABC6EF876060DB46D,Paupiettes de porc,E31B729FF6CAE5D1C389E1A37F823D57,18/02/2015 13:42:07,€,CEC0EE73A5C41CAF23C1E2390F8815B2,099E842AF821E68C6B90D20DDCFC0FC8,655,1148,25035_Lidlfr_promo_1148_14499,Lidl.fr_promo,25035_Lidlfr_promo,25035,http://www.Lidl.fr/fr/super-samedi.htm,-22%,21/02 - 21/02,5.15,
25172_Lidlfr_promo_1148_14499,Nos promos/Moins cher,La bouteille de 1 L,Rhum blanc traditionnel des Antilles,25172_Lidlfr_promo,,25172_Lidlfr_promo_1148,25,<small class="pricecut" style="                color:#e52031;                            background-color:#ffffff;                            border:1px solid #e52031;            "> -20% <em class="priceold" style="                border-left: 2px solid #e52031;            "> 14.49   <small class="specialdesc" style="                background-color: #e52031;            ">25/02 - 03/03  <strong class="price pricebutton" style="                color:#e52031;            "> € 11.59    La bouteille de 1 L,27,11.59,14499,CA8A2B29D751296D1F3CC6D429534E23,Rhum blanc traditionnel des Antilles,9B482D75188E5262F57C27DAC1E171CB,18/02/2015 13:42:05,€,57994C655D0221FCAC5FB1D11B21E603,A2A12471535005FFEF2984CFA21C8EDA,655,1148,25172_Lidlfr_promo_1148_14499,Lidl.fr_promo,25172_Lidlfr_promo,25172,http://www.Lidl.fr/fr/moins-cher.htm,-20%,25/02 - 03/03,14.49,
24993_Lidlfr_promo_1148_14499,Nos promos/Bonnes affaires,L'unité ou le set au choix,Jouets d'extérieur,24993_Lidlfr_promo,,24993_Lidlfr_promo_1148,29,<small class="specialdesc" style="                background-color: #1f4fb8;            ">19/02 - 19/02  <strong class="price pricebutton" style="                color:#1f4fb8;            "> € 1.99    L'unité ou le set au choix,5,1.99,14499,B1103BFC1D454B41E8837ABA503F452E,Jouets d'extérieur,3CC354BC59E51C7CD98AC6255F35E384,18/02/2015 13:42:19,€,0D59B6D12893DEFD7289121598775822,ECC8647B514CB6AE769B6AF99410A092,655,1148,24993_Lidlfr_promo_1148_14499,Lidl.fr_promo,24993_Lidlfr_promo,24993,http://www.Lidl.fr/fr/bonnes-affaires.htm,,19/02 - 19/02,,
24991_Lidlfr_promo_1148_14499,Nos promos/Bonnes affaires,L'unité ou le set au choix,Jeu,24991_Lidlfr_promo,,24991_Lidlfr_promo_1148,29,<small class="specialdesc" style="                background-color: #1f4fb8;            ">19/02 - 19/02  <strong class="price pricebutton" style="                color:#1f4fb8;            "> € 10.99    L'unité ou le set au choix,3,10.99,14499,5DDEF9ECF60D11AED4EFE02018C54709,Jeu,C5D2831CE3DA732C371DB083ABE6B452,18/02/2015 13:42:19,€,DF92F77BC53CEE64D668FFA23F229E23,4B23F8DC9EB4ED500A662E396908D39B,655,1148,24991_Lidlfr_promo_1148_14499,Lidl.fr_promo,24991_Lidlfr_promo,24991,http://www.Lidl.fr/fr/bonnes-affaires.htm,,19/02 - 19/02,,
24973_Lidlfr_promo_1148_14499,Nos promos/Plantes & fleurs,L'unité au choix,Plantes vertes,24973_Lidlfr_promo,Le 18/02,24973_Lidlfr_promo_1148,28,<strong class="price pricebutton" style="                color:#f05660;            "> € 21.99  L'unité au choix  Le 18/02,1,21.99,14499,77B241215F5FB61E29B394947EB1BAD0,Plantes vertes,06612B255E4922771ADEBFB610212955,18/02/2015 13:42:15,€,8DB08AF81E261729613D85627759BAA9,47AF7FCA91DD663217384FADCD58C8AB,655,1148,24973_Lidlfr_promo_1148_14499,Lidl.fr_promo,24973_Lidlfr_promo,24973,http://www.Lidl.fr/fr/plantes-fleurs.htm,,,,
24758_Lidlfr_promo_1673_14499,Nos offres/Lundi 16/02|Auto/Moto/Lundi 16/02,L'unité au choix,Caleçon technique de moto homme,24758_Lidlfr_promo,,24758_Lidlfr_promo_1673,32,<strong class="price pricebutton" style="                color:#f17230;            "> € 11.99  L'unité au choix,4,11.99,14499,FC9C05DE083CA107D09403273CADB41E,Caleçon technique de moto homme,CA06AE7F13357D9EF66D483FDF4AAACD,18/02/2015 13:42:44,€,22C7785F465EAFB576A9448263B098FC,F6423457AD5DAA885F892D5ABAC69A43,657,1673,24758_Lidlfr_promo_1673_14499,Lidl.fr_promo,24758_Lidlfr_promo,24758,http://www.Lidl.fr/fr/offres-513.htm?id=589,,,,
24761_Lidlfr_promo_1673_14499,Nos offres/Lundi 16/02|Auto/Moto/Lundi 16/02,L'unité,Top case pour scooter,24761_Lidlfr_promo,,24761_Lidlfr_promo_1673,32,<strong class="price pricebutton" style="                color:#f17230;            "> € 29.99  L'unité,6,29.99,14499,7F502620FB0B34204FF6BFB7BB130848,Top case pour scooter,FEDD082133DBF0F7B59EDC0B184D70EA,18/02/2015 13:42:45,€,BD2F84C67DA0C408182FA9EAF2D8F2B8,C4BD5C1E2AD0C73F8682C1719013B642,657,1673,24761_Lidlfr_promo_1673_14499,Lidl.fr_promo,24761_Lidlfr_promo,24761,http://www.Lidl.fr/fr/offres-513.htm?id=589,,,,
24763_Lidlfr_promo_1673_14499,Nos offres/Lundi 16/02|Auto/Moto/Lundi 16/02,La paire au choix,Lunettes de soleil sport,24763_Lidlfr_promo,,24763_Lidlfr_promo_1673,32,<strong class="price pricebutton" style="                color:#f17230;            "> € 3.99  La paire au choix,8,3.99,14499,CFE0661780F8BB3D8929E7EB750AD581,Lunettes de soleil sport,D1D79CAE641E2EA9D1FB4949E02E8E79,18/02/2015 13:42:45,€,E8B34BD2B098229514EB73AF11361320,9E8375D4BEA951A9E639CF4FA7EFA3DD,657,1673,24763_Lidlfr_promo_1673_14499,Lidl.fr_promo,24763_Lidlfr_promo,24763,http://www.Lidl.fr/fr/offres-513.htm?id=589,,,,
24765_Lidlfr_promo_1673_14499,Nos offres/Lundi 16/02|Auto/Moto/Lundi 16/02,L'unité,Couvre-selle pour scooter,24765_Lidlfr_promo,,24765_Lidlfr_promo_1673,32,<strong class="price pricebutton" style="                color:#f17230;            "> € 6.99  L'unité,10,6.99,14499,B35290AA7D48EDA8FEC1BCB7997F5881,Couvre-selle pour scooter,EC65CE96B55064692B9FB729C18C0D0B,18/02/2015 13:42:46,€,713651048B7ABACA5AB86D487B3DC030,511A767823E5718ACE2B93439CD79AC2,657,1673,24765_Lidlfr_promo_1673_14499,Lidl.fr_promo,24765_Lidlfr_promo,24765,http://www.Lidl.fr/fr/offres-513.htm?id=589,,,,
24789_Lidlfr_promo_1673_14499,Nos offres/Lundi 16/02|Mode enfant/Lundi 16/02,La paire au choix,Bottes de pluie enfant,24789_Lidlfr_promo,,24789_Lidlfr_promo_1673,31,<strong class="price pricebutton" style="                color:#ee73aa;            "> € 9.99*  La paire au choix,1,9.99,14499,466FA431B04ADC4F270ECE5623BC69CD,Bottes de pluie enfant,E8079837A0FE3F05BF9161AE5B59D746,18/02/2015 13:42:39,€,EA74E6EEC0692098E059B00B5744C27C,414E181C908E9B035425E6C057C288E5,657,1673,24789_Lidlfr_promo_1673_14499,Lidl.fr_promo,24789_Lidlfr_promo,24789,http://www.Lidl.fr/fr/offres-513.htm?id=588,,,,
24790_Lidlfr_promo_1673_14499,Nos offres/Lundi 16/02|Mode enfant/Lundi 16/02,L'unité au choix,Veste imperméable garçon,24790_Lidlfr_promo,,24790_Lidlfr_promo_1673,31,<strong class="price pricebutton" style="                color:#ee73aa;            "> € 9.99  L'unité au choix,2,9.99,14499,A8B2F7E8E0A51080F80004E7B75F34DA,Veste imperméable garçon,1DB22668364D7A93325CB85E3DE2CBFC,18/02/2015 13:42:39,€,3A4BD51762D3C53500FA8071C1F6B30D,C573F25877C971C5CA3AA000F1EDCA35,657,1673,24790_Lidlfr_promo_1673_14499,Lidl.fr_promo,24790_Lidlfr_promo,24790,http://www.Lidl.fr/fr/offres-513.htm?id=588,,,,
24767_Lidlfr_promo_1673_14499,Nos offres/Lundi 16/02|Auto/Moto/Lundi 16/02,Le set,Câbles de démarrage aluminium,24767_Lidlfr_promo,,24767_Lidlfr_promo_1673,32,<strong class="price pricebutton" style="                color:#f17230;            "> € 9.99  Le set,12,9.99,14499,85DB49D16E5DDA6BA964EEB583C9CA2E,Câbles de démarrage aluminium,26AF631C691790C7F58791FD198F8ADB,18/02/2015 13:42:46,€,3AE8A8B11E16DF4B8428E5B4046D7450,8158A29C3B5E8D4E8D591D607CFE77B0,657,1673,24767_Lidlfr_promo_1673_14499,Lidl.fr_promo,24767_Lidlfr_promo,24767,http://www.Lidl.fr/fr/offres-513.htm?id=589,,,,
24769_Lidlfr_promo_1673_14499,Nos offres/Lundi 16/02|Auto/Moto/Lundi 16/02,L'unité,Protège pare-brise,24769_Lidlfr_promo,,24769_Lidlfr_promo_1673,32,<strong class="price pricebutton" style="                color:#f17230;            "> € 1.99  L'unité,14,1.99,14499,1016AB8C711CD94605566A9C1F8D61F8,Protège pare-brise,091B5BEDC5C2E2B7BD8176035DC9F644,18/02/2015 13:42:46,€,7E56750DB817D896C68A7FD9D253740C,C113616DEDB792F022356B9A8295C00D,657,1673,24769_Lidlfr_promo_1673_14499,Lidl.fr_promo,24769_Lidlfr_promo,24769,http://www.Lidl.fr/fr/offres-513.htm?id=589,,,,
24868_Lidlfr_promo_1673_14499,Nos offres/Mercredi 18/02|USA/Mercredi 18/02,200 g au choix,Cruspies,24868_Lidlfr_promo,1 kg = 4.45 €,24868_Lidlfr_promo_1673,33,<strong class="price pricebutton" style="                color:#d83b30;            "> € 0.89  200 g au choix  1 kg = 4.45 €,3,0.89,14499,44227BE6553087EE138647BA184C65B7,Cruspies,D824F9FB86FDFE4CE46BA6AEEE5E1770,18/02/2015 13:42:50,€,B33E5B32A709657D2E56C698D204036E,90DA3608667E990227E76560921E5FA7,657,1673,24868_Lidlfr_promo_1673_14499,Lidl.fr_promo,24868_Lidlfr_promo,24868,http://www.Lidl.fr/fr/offres-513.htm?id=591,,,,
24770_Lidlfr_promo_1673_14499,Nos offres/Lundi 16/02|Auto/Moto/Lundi 16/02,L'unité au choix,Réhausseur de siège enfant gr. 2/3,24770_Lidlfr_promo,,24770_Lidlfr_promo_1673,32,<strong class="price pricebutton" style="                color:#f17230;            "> € 11.99  L'unité au choix,15,11.99,14499,30C7F19D7A8824901B6490F15B01608F,Réhausseur de siège enfant gr. 2/3,E0973399731E5B8B98077513A95AB350,18/02/2015 13:42:47,€,E7F72662ACBBD01702F23E50D92B0A92,9C677BD9EAD4EA4926C59A7D0467881D,657,1673,24770_Lidlfr_promo_1673_14499,Lidl.fr_promo,24770_Lidlfr_promo,24770,http://www.Lidl.fr/fr/offres-513.htm?id=589,,,,
24792_Lidlfr_promo_1673_14499,Nos offres/Lundi 16/02|Mode enfant/Lundi 16/02,La paire au choix,Chaussettes chaudes fille ou garçon,24792_Lidlfr_promo,,24792_Lidlfr_promo_1673,31,<strong class="price pricebutton" style="                color:#ee73aa;            "> € 1.99  La paire au choix,4,1.99,14499,FCFD99C0E0781189B40B0A50F12E9DB9,Chaussettes chaudes fille ou garçon,84CADF931AEDF966C0FAAE18858228DC,18/02/2015 13:42:40,€,E61BCACD9B16DF7294179FB04AB26BEE,A962A696F2D82CFF7B5425A562468A46,657,1673,24792_Lidlfr_promo_1673_14499,Lidl.fr_promo,24792_Lidlfr_promo,24792,http://www.Lidl.fr/fr/offres-513.htm?id=588,,,,
24866_Lidlfr_promo_1673_14499,Nos offres/Mercredi 18/02|USA/Mercredi 18/02,450 g,Flips géants,24866_Lidlfr_promo,1 kg = 4.42 €,24866_Lidlfr_promo_1673,33,<strong class="price pricebutton" style="                color:#d83b30;            "> € 1.99  450 g  1 kg = 4.42 €,1,1.99,14499,75CE736F195E0E09E33CE8966E8F5802,Flips géants,4AE7334AC3850492E536C85D3CABE56A,18/02/2015 13:42:50,€,31CAD77D6BD1FC9E9340465441C22389,FC524D9465535E3F32C487236668155F,657,1673,24866_Lidlfr_promo_1673_14499,Lidl.fr_promo,24866_Lidlfr_promo,24866,http://www.Lidl.fr/fr/offres-513.htm?id=591,,,,
24756_Lidlfr_promo_1673_14499,Nos offres/Lundi 16/02|Auto/Moto/Lundi 16/02,L'unité,Atlas routier,24756_Lidlfr_promo,,24756_Lidlfr_promo_1673,32,<strong class="price pricebutton" style="                color:#f17230;            "> € 4.99  L'unité,2,4.99,14499,C66B9E5B7D1D2357A845DFA37C28DBC0,Atlas routier,D4065840B8FCBC412A0F8BA9E25A2529,18/02/2015 13:42:44,€,4FF4BACD12D1F0BC3871F749A2BEDE11,2CA59FD9C3117F138E722E13597F2B0B,657,1673,24756_Lidlfr_promo_1673_14499,Lidl.fr_promo,24756_Lidlfr_promo,24756,http://www.Lidl.fr/fr/offres-513.htm?id=589,,,,
25014_Lidlfr_promo_1673_14499,Nos offres/Lundi 23/02|Extérieur/Lundi 23/02,Le pot de 1 L,Peinture blanche express,25014_Lidlfr_promo,,25014_Lidlfr_promo_1673,36,<strong class="price pricebutton" style="                color:#4b650d;            "> € 5.99  Le pot de 1 L,4,5.99,14499,26CFA99510B5CE22D04AF4660985DFC8,Peinture blanche express,02CBA97DC43A3A9F70F9CA393015EF4C,18/02/2015 13:43:06,€,05D5C06F8A0C0DD8E7170ABEF56ACD49,AD4064ED89C079795893AED6055C1A90,657,1673,25014_Lidlfr_promo_1673_14499,Lidl.fr_promo,25014_Lidlfr_promo,25014,http://www.Lidl.fr/fr/offres-513.htm?id=594,,,,
25016_Lidlfr_promo_1673_14499,Nos offres/Lundi 23/02|Extérieur/Lundi 23/02,Le pot de 25 L,Gel de protection du bois,25016_Lidlfr_promo,1 L = 3.19 €,25016_Lidlfr_promo_1673,36,<strong class="price pricebutton" style="                color:#4b650d;            "> € 7.99  Le pot de 25 L  1 L = 3.19 €,6,7.99,14499,FB9A25BA2C10024FCCE222BF224FA8EB,Gel de protection du bois,7F7D194055BD91DC8D32288A0DB9A2EC,18/02/2015 13:43:07,€,76B98BCDF3A65AC434B0CB336CB65147,7B080BAC7A1E553D6DA63936A525C619,657,1673,25016_Lidlfr_promo_1673_14499,Lidl.fr_promo,25016_Lidlfr_promo,25016,http://www.Lidl.fr/fr/offres-513.htm?id=594,,,,
25018_Lidlfr_promo_1673_14499,Nos offres/Lundi 23/02|Extérieur/Lundi 23/02,L'unité ou le set au choix,Accessoire(s) de jardinage,25018_Lidlfr_promo,,25018_Lidlfr_promo_1673,36,<strong class="price pricebutton" style="                color:#4b650d;            "> € 1.99  L'unité ou le set au choix,8,1.99,14499,7A66AED3E1A8AB2D9934B83DA72C3864,Accessoire(s) de jardinage,E2D0D7F81254CA5C300843F47838DA27,18/02/2015 13:43:07,€,EDD113704B8D0CBD049B7302EA18A2BB,3E70BABF4BCFB88FF496D2F8326BA174,657,1673,25018_Lidlfr_promo_1673_14499,Lidl.fr_promo,25018_Lidlfr_promo,25018,http://www.Lidl.fr/fr/offres-513.htm?id=594,,,,
24871_Lidlfr_promo_1673_14499,Nos offres/Mercredi 18/02|USA/Mercredi 18/02,500 g,Filets de poulet panés,24871_Lidlfr_promo,1 kg = 6.58 €,24871_Lidlfr_promo_1673,33,<strong class="price pricebutton" style="                color:#d83b30;            "> € 3.29  500 g  1 kg = 6.58 €,6,3.29,14499,C1354A0B0EC0EF1D9B09F5F75E1E714F,Filets de poulet panés,4741E50493643148D44EA09F04E931F9,18/02/2015 13:42:51,€,AC21D128182BBD39D02B278C195A0F9D,4D57C8AC8153E8565A307084434A7355,657,1673,24871_Lidlfr_promo_1673_14499,Lidl.fr_promo,24871_Lidlfr_promo,24871,http://www.Lidl.fr/fr/offres-513.htm?id=591,,,,
24873_Lidlfr_promo_1673_14499,Nos offres/Mercredi 18/02|USA/Mercredi 18/02,440 g au choix,Pizza américaine,24873_Lidlfr_promo,1 kg = 4.30 €,24873_Lidlfr_promo_1673,33,<strong class="price pricebutton" style="                color:#d83b30;            "> € 1.89  440 g au choix  1 kg = 4.30 €,8,1.89,14499,E6B439804D4D1E0C0FA1528E0789493C,Pizza américaine,4C1FEF70305F084E8F7D642044F87F76,18/02/2015 13:42:51,€,50CBCBF9AA21ED6B6F456D8DBE72AB30,DF3ABFAA6336C64811B77E86B9CB17B0,657,1673,24873_Lidlfr_promo_1673_14499,Lidl.fr_promo,24873_Lidlfr_promo,24873,http://www.Lidl.fr/fr/offres-513.htm?id=591,,,,
24905_Lidlfr_promo_1673_14499,Nos offres/Mercredi 18/02|USA/Mercredi 18/02,190 g au choix,Tortilla de blé fourrée,24905_Lidlfr_promo,1 kg = 12.45 €,24905_Lidlfr_promo_1673,33,<strong class="price pricebutton" style="                color:#d83b30;            "> € 2.29  190 g au choix  1 kg = 12.45 €,9,2.29,14499,5A1D4FC08011ABFA58B5AF722004A61A,Tortilla de blé fourrée,2F61B48B02D91D9F62C464DDA3D9DBC2,18/02/2015 13:42:52,€,CA44FB8485572906906D9F3C71DB97EA,2708FBA0DC4216AB4AB4DE1FC0C49862,657,1673,24905_Lidlfr_promo_1673_14499,Lidl.fr_promo,24905_Lidlfr_promo,24905,http://www.Lidl.fr/fr/offres-513.htm?id=591,,,,
24879_Lidlfr_promo_1673_14499,Nos offres/Mercredi 18/02|USA/Mercredi 18/02,240 g au choix,8 mini brownies,24879_Lidlfr_promo,1 kg = 5.79 €,24879_Lidlfr_promo_1673,33,<strong class="price pricebutton" style="                color:#d83b30;            "> € 1.39  240 g au choix  1 kg = 5.79 €,15,1.39,14499,124F0E1E702734E2978A3DF91F9AF601,8 mini brownies,1ABF38FCCFDE119EE679CB9A39C49EE8,18/02/2015 13:42:53,€,8EB39EF6248DEAC0122CADEA89FDFC5D,52B8BC3917542528942A2D02A624D123,657,1673,24879_Lidlfr_promo_1673_14499,Lidl.fr_promo,24879_Lidlfr_promo,24879,http://www.Lidl.fr/fr/offres-513.htm?id=591,,,,
24880_Lidlfr_promo_1673_14499,Nos offres/Mercredi 18/02|USA/Mercredi 18/02,150 g au choix,Préparation laitière américaine,24880_Lidlfr_promo,1 kg = 3.27 €,24880_Lidlfr_promo_1673,33,<strong class="price pricebutton" style="                color:#d83b30;            "> € 0.49  150 g au choix  1 kg = 3.27 €,16,0.49,14499,48CD93475F83DEB526CB19B8A162DF72,Préparation laitière américaine,153D4A25B8D77BAA2E55952154F9DCAA,18/02/2015 13:42:53,€,ECB4A5B68D94FFA594CFA2BE297B1F1F,592F69EB8605FAF19BB15D0B370CFAC8,657,1673,24880_Lidlfr_promo_1673_14499,Lidl.fr_promo,24880_Lidlfr_promo,24880,http://www.Lidl.fr/fr/offres-513.htm?id=591,,,,
24882_Lidlfr_promo_1673_14499,Nos offres/Mercredi 18/02|USA/Mercredi 18/02,225 g au choix,Mini muffins,24882_Lidlfr_promo,1 kg = 6.62 €,24882_Lidlfr_promo_1673,33,<strong class="price pricebutton" style="                color:#d83b30;            "> € 1.49  225 g au choix  1 kg = 6.62 €,18,1.49,14499,178A57635940E289065FACF1081E328F,Mini muffins,DDED06512CF0A302F7207FCEE9526102,18/02/2015 13:42:54,€,2408E550787CEA990E6143829FA2860E,32E0740FC318FC059523A2F830A5B248,657,1673,24882_Lidlfr_promo_1673_14499,Lidl.fr_promo,24882_Lidlfr_promo,24882,http://www.Lidl.fr/fr/offres-513.htm?id=591,,,,
24840_Lidlfr_promo_1673_14499,Nos offres/Jeudi 19/02|Douce nuit/Jeudi 19/02,L'unité au choix,Couette en microfibre,24840_Lidlfr_promo,,24840_Lidlfr_promo_1673,34,<strong class="price pricebutton" style="                color:#a65c9b;            "> à partir de  € 12.99  L'unité au choix,4,12.99,14499,388E802435DF875E09F17C2830D3E132,Couette en microfibre,26E64FA511B7C487543C646B793BA409,18/02/2015 13:42:57,€,EF401B9B7CD35E4E07D8CEDF17A07077,C32E57398A4A3D95CB29CE12AE30E18F,657,1673,24840_Lidlfr_promo_1673_14499,Lidl.fr_promo,24840_Lidlfr_promo,24840,http://www.Lidl.fr/fr/offres-513.htm?id=590,,,,
24846_Lidlfr_promo_1673_14499,Nos offres/Jeudi 19/02|Douce nuit/Jeudi 19/02,L'ensemble au choix,Pyjama femme,24846_Lidlfr_promo,,24846_Lidlfr_promo_1673,34,<strong class="price pricebutton" style="                color:#a65c9b;            "> € 9.99  L'ensemble au choix,6,9.99,14499,8CC9CE6911524144D30972187EAB6BE0,Pyjama femme,FD3FC8B1149502DE46A8555040EB7425,18/02/2015 13:42:58,€,33066E10E30FA82DCEBD9ED09CC2434C,3B5D4919C43697E04AE8F965BC07ACD1,657,1673,24846_Lidlfr_promo_1673_14499,Lidl.fr_promo,24846_Lidlfr_promo,24846,http://www.Lidl.fr/fr/offres-513.htm?id=590,,,,
24855_Lidlfr_promo_1673_14499,Nos offres/Jeudi 19/02|Douce nuit/Jeudi 19/02,L'ensemble au choix,Pyjama fille ou garçon,24855_Lidlfr_promo,,24855_Lidlfr_promo_1673,34,<strong class="price pricebutton" style="                color:#a65c9b;            "> € 5.99  L'ensemble au choix,8,5.99,14499,9244CEBD6105E601E070DF17249EE20C,Pyjama fille ou garçon,559C593246A24E46B28B1F051A346A71,18/02/2015 13:42:58,€,2D450C7835B8E5F22982989D65F26A3F,28614D9BC22C8A1EC4B6FAFD953EF378,657,1673,24855_Lidlfr_promo_1673_14499,Lidl.fr_promo,24855_Lidlfr_promo,24855,http://www.Lidl.fr/fr/offres-513.htm?id=590,,,,
24949_Lidlfr_promo_1673_14499,Nos offres/Jeudi 19/02|Maison/Jeudi 19/02,L'unité au choix,Tablier de cuisine,24949_Lidlfr_promo,,24949_Lidlfr_promo_1673,35,<strong class="price pricebutton" style="                color:#f3846a;            "> € 3.99  L'unité au choix,7,3.99,14499,979C77802AED623E9888DB6886021BFD,Tablier de cuisine,D8A6A0F0A83E4B1D83DD41481ED69A98,18/02/2015 13:43:02,€,BAA63C3F70EA758049F80A7E412E97B9,2FF9DC13024F20C0D3CF1F9474C5A03F,657,1673,24949_Lidlfr_promo_1673_14499,Lidl.fr_promo,24949_Lidlfr_promo,24949,http://www.Lidl.fr/fr/offres-513.htm?id=592,,,,
24950_Lidlfr_promo_1673_14499,Nos offres/Jeudi 19/02|Maison/Jeudi 19/02,Le set au choix,Gant et manique,24950_Lidlfr_promo,,24950_Lidlfr_promo_1673,35,<strong class="price pricebutton" style="                color:#f3846a;            "> € 2.99  Le set au choix,8,2.99,14499,27C21BD8C93F753FF83A774B03882FFA,Gant et manique,F9A5C8A5151AF756B38EEF8C03AE50AC,18/02/2015 13:43:03,€,9780742E922929576ED599768CF1299B,EA16C8AD502B00DD6EB031B3FD35D738,657,1673,24950_Lidlfr_promo_1673_14499,Lidl.fr_promo,24950_Lidlfr_promo,24950,http://www.Lidl.fr/fr/offres-513.htm?id=592,,,,
24952_Lidlfr_promo_1673_14499,Nos offres/Jeudi 19/02|Maison/Jeudi 19/02,L'unité au choix,Coussin de chaise,24952_Lidlfr_promo,,24952_Lidlfr_promo_1673,35,<strong class="price pricebutton" style="                color:#f3846a;            "> € 4.99  L'unité au choix,10,4.99,14499,CFCDE28B44ED495CE196D3BC44D073EF,Coussin de chaise,046329D3D1197B3A33C0AEF26B5AC431,18/02/2015 13:43:03,€,AC23C16B5C06596CAD4A5C8D15EC1CB2,C9CE98A38EBB27CCDB0E5083F2CFCDE7,657,1673,24952_Lidlfr_promo_1673_14499,Lidl.fr_promo,24952_Lidlfr_promo,24952,http://www.Lidl.fr/fr/offres-513.htm?id=592,,,,
24945_Lidlfr_promo_1673_14499,Nos offres/Jeudi 19/02|Maison/Jeudi 19/02,L'unité au choix,Mini commode,24945_Lidlfr_promo,,24945_Lidlfr_promo_1673,35,<strong class="price pricebutton" style="                color:#f3846a;            "> € 9.99*  L'unité au choix,2,9.99,14499,98739508E1EEBA6326D0E5CDD3908BBB,Mini commode,AF8B25C2B51957E6FB5B7E2CE227896F,18/02/2015 13:43:01,€,FE5E098A8D0A76C08E2B2B084AF17331,E7D849AD71F30E44BED446AC00507F58,657,1673,24945_Lidlfr_promo_1673_14499,Lidl.fr_promo,24945_Lidlfr_promo,24945,http://www.Lidl.fr/fr/offres-513.htm?id=592,,,,
24947_Lidlfr_promo_1673_14499,Nos offres/Jeudi 19/02|Maison/Jeudi 19/02,L'unité au choix,Casier à miniatures,24947_Lidlfr_promo,,24947_Lidlfr_promo_1673,35,<strong class="price pricebutton" style="                color:#f3846a;            "> € 11.99*  L'unité au choix,4,11.99,14499,0A64EE4C558BDD5B6E815B51A89E914F,Casier à miniatures,9985E43EB4FB24E229ECC4B97AFF9194,18/02/2015 13:43:02,€,F1A2D82257C595835AE312C6A194356B,44AEABC3C16B195BA97B91A17DFD6F05,657,1673,24947_Lidlfr_promo_1673_14499,Lidl.fr_promo,24947_Lidlfr_promo,24947,http://www.Lidl.fr/fr/offres-513.htm?id=592,,,,
24943_Lidlfr_promo_1673_14499,Nos offres/Jeudi 19/02|Maison/Jeudi 19/02,L'unité au choix,Horloge murale rétro,24943_Lidlfr_promo,,24943_Lidlfr_promo_1673,35,<strong class="price pricebutton" style="                color:#f3846a;            "> € 4.99*  L'unité au choix,5,4.99,14499,5446D3A9F8135951E7C1C87CE3137751,Horloge murale rétro,591E279E328A5B4CA7D300CE4B46FDE7,18/02/2015 13:43:02,€,6F2DDD749AA125185AC5AE5ADD33A62D,E6EC91CBA600CA785D5E02BEB0D0C8EB,657,1673,24943_Lidlfr_promo_1673_14499,Lidl.fr_promo,24943_Lidlfr_promo,24943,http://www.Lidl.fr/fr/offres-513.htm?id=592,,,,
24907_Lidlfr_promo_1673_14499,Nos offres/Mercredi 18/02|USA/Mercredi 18/02,230 ml au choix,Milkshake,24907_Lidlfr_promo,1 L = 3.43 €,24907_Lidlfr_promo_1673,33,<strong class="price pricebutton" style="                color:#d83b30;            "> € 0.79  230 ml au choix  1 L = 3.43 €,10,0.79,14499,A2E8DE8E09A1E63C52AE2B5AAE9E00FD,Milkshake,D3FE3781A48BF8DAD599A55BBFB02825,18/02/2015 13:42:52,€,8485736B759B23A4289904558F8DA6DE,CCD9F73A3BB415A32B0708B0821761C4,657,1673,24907_Lidlfr_promo_1673_14499,Lidl.fr_promo,24907_Lidlfr_promo,24907,http://www.Lidl.fr/fr/offres-513.htm?id=591,,,,
24877_Lidlfr_promo_1673_14499,Nos offres/Mercredi 18/02|USA/Mercredi 18/02,250 ml,Sirop d'érable,24877_Lidlfr_promo,1 L = 13.96 €,24877_Lidlfr_promo_1673,33,<strong class="price pricebutton" style="                color:#d83b30;            "> € 3.49  250 ml  1 L = 13.96 €,13,3.49,14499,22D7892E667D070A72064E9C340816D2,Sirop d'érable,56EE84B62848764EC778BEA5D158FAAE,18/02/2015 13:42:53,€,7022965E6EEFA96D0A6340A60CE01703,8F4131479DEFDE8DC2F27D096C15D72F,657,1673,24877_Lidlfr_promo_1673_14499,Lidl.fr_promo,24877_Lidlfr_promo,24877,http://www.Lidl.fr/fr/offres-513.htm?id=591,,,,
25012_Lidlfr_promo_1673_14499,Nos offres/Lundi 23/02|Extérieur/Lundi 23/02,Le pot de 750 ml,Peinture pour métaux,25012_Lidlfr_promo,1 L = 7.98 €,25012_Lidlfr_promo_1673,36,<strong class="price pricebutton" style="                color:#4b650d;            "> € 5.99  Le pot de 750 ml  1 L = 7.98 €,2,5.99,14499,1147B6284148FBF54F0283B589FE812E,Peinture pour métaux,8D762C0EE016EE272F23F65F93302B7D,18/02/2015 13:43:06,€,F72AF323283C14206B763A3E84BA2D68,B71FAF915B91184A5C4DC56C7D6262DA,657,1673,25012_Lidlfr_promo_1673_14499,Lidl.fr_promo,25012_Lidlfr_promo,25012,http://www.Lidl.fr/fr/offres-513.htm?id=594,,,,
24837_Lidlfr_promo_1673_14499,Nos offres/Jeudi 19/02|Douce nuit/Jeudi 19/02,L'unité,Oreiller ergonomique en microfibre,24837_Lidlfr_promo,,24837_Lidlfr_promo_1673,34,<strong class="price pricebutton" style="                color:#a65c9b;            "> € 8.99  L'unité,3,8.99,14499,16D26546EF541F433C228B4DD5AD3FFA,Oreiller ergonomique en microfibre,B5F236AAB31B2F97F560EEFDCF9009F1,18/02/2015 13:42:57,€,C14FD199CAF5CB718B413FEAC61D9488,E75B50AAF9E8125E58481A0CFF44B539,657,1673,24837_Lidlfr_promo_1673_14499,Lidl.fr_promo,24837_Lidlfr_promo,24837,http://www.Lidl.fr/fr/offres-513.htm?id=590,,,,
25139_Lidlfr_promo_1673_14499,Nos offres/Mercredi 25/02|Viandes de bœuf/Mercredi 25/02,240 g,Bifteck,25139_Lidlfr_promo,1 kg = 13.54 €,25139_Lidlfr_promo_1673,38,<strong class="price pricebutton" style="                color:#eb212e;            "> € 3.25  240 g  1 kg = 13.54 €,1,3.25,14499,2E3EEE1020B74E07FFB169357EFE904B,Bifteck,DB501644CDF689C5EB3D0F823994A72A,18/02/2015 13:43:22,€,FD4FA01D6AFB7710F579AC240C3BB0A7,077C7FB8FCF33CEC814D0BDE680AA041,657,1673,25139_Lidlfr_promo_1673_14499,Lidl.fr_promo,25139_Lidlfr_promo,25139,http://www.Lidl.fr/fr/offres-513.htm?id=597,,,,
25148_Lidlfr_promo_1673_14499,Nos offres/Mercredi 25/02|Viandes de bœuf/Mercredi 25/02,400 g,4 steaks hachés pur bœuf,25148_Lidlfr_promo,1 kg = 5.98 €,25148_Lidlfr_promo_1673,38,<small class="pricecut" style="                color:#ffffff;                            background-color:#B41E0A;                            border:1px solid #B41E0A;            "> -20% <em class="priceold" style="                border-left: 2px solid #B41E0A;            "> 2.99   <small class="specialdesc" style="                background-color: #B41E0A;            ">18/02 - 03/03  <strong class="price pricebutton" style="                color:#eb212e;            "> € 2.39    400 g  1 kg = 5.98 €,2,2.39,14499,9C6128F46A78D242EEE432DF59C4F219,4 steaks hachés pur bœuf,2620C0FF43DD0599914B3E23B44F9201,18/02/2015 13:43:23,€,3460494631D9AA0E19129A97814AAE71,861771F24543EAB4B20BD2E057A44C39,657,1673,25148_Lidlfr_promo_1673_14499,Lidl.fr_promo,25148_Lidlfr_promo,25148,http://www.Lidl.fr/fr/offres-513.htm?id=597,-20%,18/02 - 03/03,2.99,
25106_Lidlfr_promo_1673_14499,Nos offres/Mercredi 25/02|Savoie/Mercredi 25/02,6 x 125 g,Yaourt de Savoie "Plaisir des Alpes",25106_Lidlfr_promo,1 kg = 2.92 €,25106_Lidlfr_promo_1673,37,<strong class="price pricebutton" style="                color:#007d9b;            "> € 2.19  6 x 125 g  1 kg = 2.92 €,13,2.19,14499,BEBB6C46E59528B5EEEAD71EAF87C6DB,Yaourt de Savoie "Plaisir des Alpes",346FFCB1F715A34FA3A98B466AFDD0AE,18/02/2015 13:43:13,€,132E3EB28B7691711467B15BA025BE25,7C07C57FDAC8C86EDCA57EFCDC5134A1,657,1673,25106_Lidlfr_promo_1673_14499,Lidl.fr_promo,25106_Lidlfr_promo,25106,http://www.Lidl.fr/fr/offres-513.htm?id=596,,,,
25108_Lidlfr_promo_1673_14499,Nos offres/Mercredi 25/02|Savoie/Mercredi 25/02,75 cl,Vin de Savoie Terroirs d'Exception 2014 AOP,25108_Lidlfr_promo,1 L = 5.32 €,25108_Lidlfr_promo_1673,37,<strong class="price pricebutton" style="                color:#007d9b;            "> € 3.99  75 cl  1 L = 5.32 €,15,3.99,14499,FC497958E88CBF542BD0860F5E328A45,Vin de Savoie Terroirs d'Exception 2014 AOP,73535B12B4C659ABF254404CDAB51E01,18/02/2015 13:43:14,€,0201678F98FEA339AF4402BDBDDACF1D,97D59BBB0FA57E38380BF3415B38B044,657,1673,25108_Lidlfr_promo_1673_14499,Lidl.fr_promo,25108_Lidlfr_promo,25108,http://www.Lidl.fr/fr/offres-513.htm?id=596,,,,
25098_Lidlfr_promo_1673_14499,Nos offres/Mercredi 25/02|Savoie/Mercredi 25/02,600 g,Tartiflette au reblochon de Savoie AOP,25098_Lidlfr_promo,1 kg = 7.98 €,25098_Lidlfr_promo_1673,37,<strong class="price pricebutton" style="                color:#007d9b;            "> € 4.79  600 g  1 kg = 7.98 €,5,4.79,14499,FA17EE6B7CF2366C4C7A986B3A0A6A14,Tartiflette au reblochon de Savoie AOP,52A2E1B2C6AB441AB5B74213C9457D44,18/02/2015 13:43:11,€,70A8EBD4EB4861BC1944AD2CFE64F1BD,1FE165377D4907F0EA45A5397520B85C,657,1673,25098_Lidlfr_promo_1673_14499,Lidl.fr_promo,25098_Lidlfr_promo,25098,http://www.Lidl.fr/fr/offres-513.htm?id=596,,,,
25100_Lidlfr_promo_1673_14499,Nos offres/Mercredi 25/02|Savoie/Mercredi 25/02,2 x 150 g au choix,Feuilletés,25100_Lidlfr_promo,1 kg = 5.97 €,25100_Lidlfr_promo_1673,37,<strong class="price pricebutton" style="                color:#007d9b;            "> € 1.79  2 x 150 g au choix  1 kg = 5.97 €,7,1.79,14499,1D48ED27F959AD21497588BEA2593575,Feuilletés,5283CD5FCF1AF3B96931537F8E22CDA7,18/02/2015 13:43:12,€,B33DEEA6117D1C8991ABA8D8EB63BD8E,92E84FA86A270EA72D92C0293FD678EE,657,1673,25100_Lidlfr_promo_1673_14499,Lidl.fr_promo,25100_Lidlfr_promo,25100,http://www.Lidl.fr/fr/offres-513.htm?id=596,,,,
25140_Lidlfr_promo_1673_14499,Nos offres/Mercredi 25/02|Viandes de bœuf/Mercredi 25/02,170 g,Faux-filet,25140_Lidlfr_promo,1 kg = 17.59 €,25140_Lidlfr_promo_1673,38,<strong class="price pricebutton" style="                color:#eb212e;            "> € 2.99  170 g  1 kg = 17.59 €,3,2.99,14499,5DDB6D696DE47B9B7534A11AB2396128,Faux-filet,BF44CD1C6D116A7E19EDBF1D5D0FD511,18/02/2015 13:43:23,€,66F5E1DA7BBF53F1445781B5FB038E0C,6CA2A46DDEF1AE69E6F8B205456FD3AE,657,1673,25140_Lidlfr_promo_1673_14499,Lidl.fr_promo,25140_Lidlfr_promo,25140,http://www.Lidl.fr/fr/offres-513.htm?id=597,,,,
25142_Lidlfr_promo_1673_14499,Nos offres/Mercredi 25/02|Viandes de bœuf/Mercredi 25/02,10 x 100 g,10 hachés au bœuf "Le tendre et savoureux",25142_Lidlfr_promo,,25142_Lidlfr_promo_1673,38,<strong class="price pricebutton" style="                color:#eb212e;            "> € 4.89  10 x 100 g,5,4.89,14499,3A14EEC11479106505D394BC73729C63,10 hachés au bœuf "Le tendre et savoureux",D1EA7B5BC73EAC34779205ECEF2D1514,18/02/2015 13:43:23,€,F955CC1B948EE6751E586E8729BEF708,9940DC91E5D2185602912EF38945FCEA,657,1673,25142_Lidlfr_promo_1673_14499,Lidl.fr_promo,25142_Lidlfr_promo,25142,http://www.Lidl.fr/fr/offres-513.htm?id=597,,,,
25102_Lidlfr_promo_1673_14499,Nos offres/Mercredi 25/02|Savoie/Mercredi 25/02,300 g,Mini délices au beaufort,25102_Lidlfr_promo,1 kg = 4.97 €,25102_Lidlfr_promo_1673,37,<strong class="price pricebutton" style="                color:#007d9b;            "> € 1.49  300 g  1 kg = 4.97 €,9,1.49,14499,5B4AF43745AECBBB20F266382215B83E,Mini délices au beaufort,9A6BD0CF47898A32E56B77B8B07CE6A9,18/02/2015 13:43:12,€,552A85705A6B8F094F1CD1C6A437CEE3,934AE3FE682FD9B04E9A8B15DD789911,657,1673,25102_Lidlfr_promo_1673_14499,Lidl.fr_promo,25102_Lidlfr_promo,25102,http://www.Lidl.fr/fr/offres-513.htm?id=596,,,,
25104_Lidlfr_promo_1673_14499,Nos offres/Mercredi 25/02|Savoie/Mercredi 25/02,720 g,4 hachés de porc savoyards,25104_Lidlfr_promo,1 kg = 6.93 €,25104_Lidlfr_promo_1673,37,<strong class="price pricebutton" style="                color:#007d9b;            "> € 4.99  720 g  1 kg = 6.93 €,11,4.99,14499,2DAB478724A84CA4F66041099010C253,4 hachés de porc savoyards,FAB6C02F24F255D6B4F7C90D9F135282,18/02/2015 13:43:13,€,E411C1F959D01C550F2EDE8DAB83DC44,DEBCAF71BEE6F0241371E32F2620B2DD,657,1673,25104_Lidlfr_promo_1673_14499,Lidl.fr_promo,25104_Lidlfr_promo,25104,http://www.Lidl.fr/fr/offres-513.htm?id=596,,,,
25144_Lidlfr_promo_1673_14499,Nos offres/Mercredi 25/02|Viandes de bœuf/Mercredi 25/02,4 x 100 g,Steak haché pur bœuf,25144_Lidlfr_promo,1 kg = 8.73 €,25144_Lidlfr_promo_1673,38,<strong class="price pricebutton" style="                color:#eb212e;            "> € 3.49  4 x 100 g  1 kg = 8.73 €,7,3.49,14499,FE289A62184C1F5E3652FE11A992D055,Steak haché pur bœuf,463DC9F6AB7E7A8793A28F847F34AF1C,18/02/2015 13:43:24,€,732F97B335FC554DAF990098D89BBCE2,208C538E54592A60BDE61D93E10CDE94,657,1673,25144_Lidlfr_promo_1673_14499,Lidl.fr_promo,25144_Lidlfr_promo,25144,http://www.Lidl.fr/fr/offres-513.htm?id=597,,,,
25146_Lidlfr_promo_1673_14499,Nos offres/Mercredi 25/02|Viandes de bœuf/Mercredi 25/02,800 g,Viande hachée pur bœuf,25146_Lidlfr_promo,1 kg = 6.24 €,25146_Lidlfr_promo_1673,38,<strong class="price pricebutton" style="                color:#eb212e;            "> € 4.99  800 g  1 kg = 6.24 €,9,4.99,14499,B1713CBB8345EAF4E9A08E731E6B739E,Viande hachée pur bœuf,F200CA408BBA8BBD5D5008701FF464AA,18/02/2015 13:43:24,€,5261F0B1B60F14179FB85A8189445268,8C317A7C6C3E9BD6382554CE9F0811AA,657,1673,25146_Lidlfr_promo_1673_14499,Lidl.fr_promo,25146_Lidlfr_promo,25146,http://www.Lidl.fr/fr/offres-513.htm?id=597,,,,
25096_Lidlfr_promo_1673_14499,Nos offres/Mercredi 25/02|Savoie/Mercredi 25/02,250 g,Saucisson sec au beaufort,25096_Lidlfr_promo,1 kg = 10.36 €,25096_Lidlfr_promo_1673,37,<strong class="price pricebutton" style="                color:#007d9b;            "> € 2.59  250 g  1 kg = 10.36 €,2,2.59,14499,B449CF9B60C91C973A7AC7E543D76E89,Saucisson sec au beaufort,074BCC38F020C477DE0B9BA11860E340,18/02/2015 13:43:11,€,F6757477A55AC2E010FE6608B9D6FC0C,E72F04340BA52EEB59AAC43D472D1D31,657,1673,25096_Lidlfr_promo_1673_14499,Lidl.fr_promo,25096_Lidlfr_promo,25096,http://www.Lidl.fr/fr/offres-513.htm?id=596,,,,
25111_Lidlfr_promo_1673_14499,Nos offres/Mercredi 25/02|Savoie/Mercredi 25/02,400 g,Pralines aux amandes,25111_Lidlfr_promo,1 kg = 7.48 €,25111_Lidlfr_promo_1673,37,<strong class="price pricebutton" style="                color:#007d9b;            "> € 2.99  400 g  1 kg = 7.48 €,18,2.99,14499,6539C55D43797DA54B7D746B5C7AC827,Pralines aux amandes,DFBB08DC56F4684D37BC7D568E676A97,18/02/2015 13:43:15,€,9E247350C53CD40CA0CC664148AA166B,821B7564A31A15C15F5670DE9E5E127D,657,1673,25111_Lidlfr_promo_1673_14499,Lidl.fr_promo,25111_Lidlfr_promo,25111,http://www.Lidl.fr/fr/offres-513.htm?id=596,,,,
25021_Lidlfr_promo_1673_14499,Nos offres/Lundi 23/02|Extérieur/Lundi 23/02,L'unité,Sac à végétaux pliable,25021_Lidlfr_promo,,25021_Lidlfr_promo_1673,36,<strong class="price pricebutton" style="                color:#4b650d;            "> € 4.99  L'unité,9,4.99,14499,1EC0F43A4795A9E8131872CADE2DA298,Sac à végétaux pliable,277B99A78B5DD3957C145D9B0E3E91C6,18/02/2015 13:43:07,€,979E3A8175D6E829149B224545B2B798,4A6691C609E4D04769C91B4B6F2D5358,657,1673,25021_Lidlfr_promo_1673_14499,Lidl.fr_promo,25021_Lidlfr_promo,25021,http://www.Lidl.fr/fr/offres-513.htm?id=594,,,,
24932_Lidlfr_promo_1673_14499,Nos promos/Moins cher,200 g au choix,Cookies au chocolat,24932_Lidlfr_promo,1 kg = 2.95 €,24932_Lidlfr_promo_1673,40,<small class="pricecut" style="                color:#e52031;                            background-color:#ffffff;                            border:1px solid #e52031;            "> -14% <em class="priceold" style="                border-left: 2px solid #e52031;            "> 0.69   <small class="specialdesc" style="                background-color: #e52031;            ">18/02 - 24/02  <strong class="price pricebutton" style="                color:#e52031;            "> € 0.59    200 g au choix  1 kg = 2.95 €,9,0.59,14499,7BECE1E8D64BBB4460FDCBAA962D91A3,Cookies au chocolat,7C66B09D408F7ECE582B4725F28A54C3,18/02/2015 13:43:32,€,E6170FA6E045C16A25CF471E89C87729,817FA9146E77F93396B5B4A108F58CFA,657,1673,24932_Lidlfr_promo_1673_14499,Lidl.fr_promo,24932_Lidlfr_promo,24932,http://www.Lidl.fr/fr/moins-cher.htm,-14%,18/02 - 24/02,0.69,
24934_Lidlfr_promo_1673_14499,Nos promos/Moins cher,5 x 38 g au choix,Mentos,24934_Lidlfr_promo,1 kg = 7.68 €,24934_Lidlfr_promo_1673,40,<small class="pricecut" style="                color:#e52031;                            background-color:#ffffff;                            border:1px solid #e52031;            "> -30% <em class="priceold" style="                border-left: 2px solid #e52031;            "> 2.09   <small class="specialdesc" style="                background-color: #e52031;            ">18/02 - 24/02  <strong class="price pricebutton" style="                color:#e52031;            "> € 1.46    5 x 38 g au choix  1 kg = 7.68 €,11,1.46,14499,0D2D3D90DB2EAEA362930B63E0E4D106,Mentos,CE0B88373E269B5F04EB7D16B29A8040,18/02/2015 13:43:32,€,43B790499FE63970ADCD725EA9797F33,208983B70B0FC2F3844880698AF78A6F,657,1673,24934_Lidlfr_promo_1673_14499,Lidl.fr_promo,24934_Lidlfr_promo,24934,http://www.Lidl.fr/fr/moins-cher.htm,-30%,18/02 - 24/02,2.09,
24936_Lidlfr_promo_1673_14499,Nos promos/Moins cher,Soit le lot de 2 x 25 L,Le Chat Sensitive lessive liquide,24936_Lidlfr_promo,1 L = 2.55 €,24936_Lidlfr_promo_1673,40,<small class="pricecut" style="                color:#e52031;                            background-color:#ffffff;                            border:1px solid #e52031;            "> -50% sur le 2ème  <small class="specialdesc" style="                background-color: #e52031;            ">18/02 - 24/02  <strong class="price pricebutton" style="                color:#e52031;            "> € 12.73     Soit le lot de 2 x 25 L  1 L = 2.55 €,13,12.73,14499,C9FE6C447E8DD44984451FE8142381AF,Le Chat Sensitive lessive liquide,16D323FEF58CF261BBDC34A7BAD9536A,18/02/2015 13:43:32,€,A434EDE9BB675ABF0EB256503F165B39,C0C29D6E2DD3F877B24A575D79081598,657,1673,24936_Lidlfr_promo_1673_14499,Lidl.fr_promo,24936_Lidlfr_promo,24936,http://www.Lidl.fr/fr/moins-cher.htm,-50% sur le 2ème,18/02 - 24/02,,
25159_Lidlfr_promo_1673_14499,Nos promos/Moins cher,480 g,4 saucisses de Toulouse,25159_Lidlfr_promo,1 kg = 4.35 €,25159_Lidlfr_promo_1673,40,<small class="pricecut" style="                color:#e52031;                            background-color:#ffffff;                            border:1px solid #e52031;            "> -21% <em class="priceold" style="                border-left: 2px solid #e52031;            "> 2.65   <small class="specialdesc" style="                background-color: #e52031;            ">25/02 - 03/03  <strong class="price pricebutton" style="                color:#e52031;            "> € 2.09    480 g  1 kg = 4.35 €,14,2.09,14499,E73ECEEA94CB88EC1AD17E96EAB6A903,4 saucisses de Toulouse,118C132D5138BCBAC97DC638368AC9D9,18/02/2015 13:43:32,€,06F4A83631782EDE6CECE9B4784A3833,73A28B73543C4FE7C22EF24532315015,657,1673,25159_Lidlfr_promo_1673_14499,Lidl.fr_promo,25159_Lidlfr_promo,25159,http://www.Lidl.fr/fr/moins-cher.htm,-21%,25/02 - 03/03,2.65,
25160_Lidlfr_promo_1673_14499,Nos promos/Moins cher,340 g,4 diots de Savoie fumés,25160_Lidlfr_promo,1 kg = 5.85 €,25160_Lidlfr_promo_1673,40,<small class="pricecut" style="                color:#e52031;                            background-color:#ffffff;                            border:1px solid #e52031;            "> -20% <em class="priceold" style="                border-left: 2px solid #e52031;            "> 2.49   <small class="specialdesc" style="                background-color: #e52031;            ">25/02 - 03/03  <strong class="price pricebutton" style="                color:#e52031;            "> € 1.99    340 g  1 kg = 5.85 €,15,1.99,14499,02C2E2B1D347741983E32B870C0B997C,4 diots de Savoie fumés,6460E50256445B3949E13BDE05F3ED05,18/02/2015 13:43:32,€,9C2BDAFF68E1C730295ABAA984E16F94,24D1F9DBB53D751422970F91CAA12DF6,657,1673,25160_Lidlfr_promo_1673_14499,Lidl.fr_promo,25160_Lidlfr_promo,25160,http://www.Lidl.fr/fr/moins-cher.htm,-20%,25/02 - 03/03,2.49,
25162_Lidlfr_promo_1673_14499,Nos promos/Moins cher,225 g,Saucisson sec Label Rouge,25162_Lidlfr_promo,1 kg = 9.73 €,25162_Lidlfr_promo_1673,40,<small class="pricecut" style="                color:#e52031;                            background-color:#ffffff;                            border:1px solid #e52031;            "> -21% <em class="priceold" style="                border-left: 2px solid #e52031;            "> 2.79   <small class="specialdesc" style="                background-color: #e52031;            ">25/02 - 03/03  <strong class="price pricebutton" style="                color:#e52031;            "> € 2.19    225 g  1 kg = 9.73 €,17,2.19,14499,01F8BF5BFBF337AE759977A03444D555,Saucisson sec Label Rouge,368C872F759D1644DBB687B0D0BB72AB,18/02/2015 13:43:33,€,C6213FDEAF2B849C75FF28C58B9D2BAF,53EFC88B91116CC2A1C96CB17DDAC5CF,657,1673,25162_Lidlfr_promo_1673_14499,Lidl.fr_promo,25162_Lidlfr_promo,25162,http://www.Lidl.fr/fr/moins-cher.htm,-21%,25/02 - 03/03,2.79,
25164_Lidlfr_promo_1673_14499,Nos promos/Moins cher,500 g,Feuillantine comtoise,25164_Lidlfr_promo,1 kg = 6.38 €,25164_Lidlfr_promo_1673,40,<small class="pricecut" style="                color:#e52031;                            background-color:#ffffff;                            border:1px solid #e52031;            "> -20% <em class="priceold" style="                border-left: 2px solid #e52031;            "> 3.99   <small class="specialdesc" style="                background-color: #e52031;            ">25/02 - 03/03  <strong class="price pricebutton" style="                color:#e52031;            "> € 3.19    500 g  1 kg = 6.38 €,19,3.19,14499,2EA180BDAA7B303CC171B3C5FCA43ADE,Feuillantine comtoise,D65E9443B8B11CD5620632E85C0843C8,18/02/2015 13:43:33,€,F129DCF7666AF2507D930079AEEF0806,7B4D37D410B3B267742787492C5CCA46,657,1673,25164_Lidlfr_promo_1673_14499,Lidl.fr_promo,25164_Lidlfr_promo,25164,http://www.Lidl.fr/fr/moins-cher.htm,-20%,25/02 - 03/03,3.99,
25166_Lidlfr_promo_1673_14499,Nos promos/Moins cher,Le kilo,Cantal entre-deux AOP,25166_Lidlfr_promo,,25166_Lidlfr_promo_1673,40,<small class="pricecut" style="                color:#e52031;                            background-color:#ffffff;                            border:1px solid #e52031;            "> -16% sur prix kilo <em class="priceold" style="                border-left: 2px solid #e52031;            "> 8.30   <small class="specialdesc" style="                background-color: #e52031;            ">25/02 - 03/03  <strong class="price pricebutton" style="                color:#e52031;            "> € 6.89    Le kilo,21,6.89,14499,78AAB42961AFD9E3AFFB800BC062D1FE,Cantal entre-deux AOP,5BC1A20421A412086805DF3CB2C477E4,18/02/2015 13:43:33,€,4DD6D55B862BD4ECB6B235E55931F87D,CEACAF9856F429DADABB36E45A45C7E2,657,1673,25166_Lidlfr_promo_1673_14499,Lidl.fr_promo,25166_Lidlfr_promo,25166,http://www.Lidl.fr/fr/moins-cher.htm,-16% sur prix kilo,25/02 - 03/03,8.30,
25168_Lidlfr_promo_1673_14499,Nos promos/Moins cher,250 g,Madeleines,25168_Lidlfr_promo,1 kg = 5.16 €,25168_Lidlfr_promo_1673,40,<small class="pricecut" style="                color:#e52031;                            background-color:#ffffff;                            border:1px solid #e52031;            "> -18% <em class="priceold" style="                border-left: 2px solid #e52031;            "> 1.59   <small class="specialdesc" style="                background-color: #e52031;            ">25/02 - 03/03  <strong class="price pricebutton" style="                color:#e52031;            "> € 1.29    250 g  1 kg = 5.16 €,23,1.29,14499,F884AE2317855C3BB7C974CD74D79618,Madeleines,015340A0463B7CE0E3B534FE5DC49AA6,18/02/2015 13:43:33,€,67C876B9AF7E6969C994EBA54BEAAF2B,2EED49993F93259B52FE9AD0F9D0C190,657,1673,25168_Lidlfr_promo_1673_14499,Lidl.fr_promo,25168_Lidlfr_promo,25168,http://www.Lidl.fr/fr/moins-cher.htm,-18%,25/02 - 03/03,1.59,
24918_Lidlfr_promo_1673_14499,Nos promos/Moins cher,10 x 100 g,10 burgers à l'oignon,24918_Lidlfr_promo,,24918_Lidlfr_promo_1673,40,<small class="pricecut" style="                color:#e52031;                            background-color:#ffffff;                            border:1px solid #e52031;            "> -13% <em class="priceold" style="                border-left: 2px solid #e52031;            "> 3.59   <small class="specialdesc" style="                background-color: #e52031;            ">18/02 - 24/02  <strong class="price pricebutton" style="                color:#e52031;            "> € 3.09    10 x 100 g,2,3.09,14499,71EA4498975C19C94D97632A94530547,10 burgers à l'oignon,C3E694307A89E9D74A71C661C42D35DC,18/02/2015 13:43:32,€,61A310C45D916E45608E94E635C21AB1,F1F8D9E8023B645373B6363E6A6EC18C,657,1673,24918_Lidlfr_promo_1673_14499,Lidl.fr_promo,24918_Lidlfr_promo,24918,http://www.Lidl.fr/fr/moins-cher.htm,-13%,18/02 - 24/02,3.59,
24921_Lidlfr_promo_1673_14499,Nos promos/Moins cher,Le sachet de 1 kg,Epinards en branches,24921_Lidlfr_promo,,24921_Lidlfr_promo_1673,40,<small class="pricecut" style="                color:#e52031;                            background-color:#ffffff;                            border:1px solid #e52031;            "> -19% <em class="priceold" style="                border-left: 2px solid #e52031;            "> 0.98   <small class="specialdesc" style="                background-color: #e52031;            ">18/02 - 24/02  <strong class="price pricebutton" style="                color:#e52031;            "> € 0.79    Le sachet de 1 kg,5,0.79,14499,BB1AFBBC3E2CD82812B11AE361EF1E80,Epinards en branches,2F4EB99C5AF4D82E6BC064DDF683D7B9,18/02/2015 13:43:32,€,AE9F670597EA353D1CFF0D8D012C8059,8EB7BE5A13CC39A3E56B78ABA08B2039,657,1673,24921_Lidlfr_promo_1673_14499,Lidl.fr_promo,24921_Lidlfr_promo,24921,http://www.Lidl.fr/fr/moins-cher.htm,-19%,18/02 - 24/02,0.98,
24923_Lidlfr_promo_1673_14499,Nos promos/Moins cher,6 x 125 g,Yoplait Perle de Lait nature,24923_Lidlfr_promo,1 kg = 2.37 €,24923_Lidlfr_promo_1673,40,<small class="pricecut" style="                color:#e52031;                            background-color:#ffffff;                            border:1px solid #e52031;            "> -20% <em class="priceold" style="                border-left: 2px solid #e52031;            "> 2.23   <small class="specialdesc" style="                background-color: #e52031;            ">18/02 - 24/02  <strong class="price pricebutton" style="                color:#e52031;            "> € 1.78    6 x 125 g  1 kg = 2.37 €,7,1.78,14499,1B5B3ABCC53741D47AD8795682F0BC30,Yoplait Perle de Lait nature,21D0CD294D26573932F7CC84319C7EB8,18/02/2015 13:43:32,€,37869645A7C8FCFEAA5CF90136A8258D,8FB4529686C80D0A7F8442F94024EB9F,657,1673,24923_Lidlfr_promo_1673_14499,Lidl.fr_promo,24923_Lidlfr_promo,24923,http://www.Lidl.fr/fr/moins-cher.htm,-20%,18/02 - 24/02,2.23,
25043_Lidlfr_promo_1673_14499,Nos promos/Fruits & légumes,Le filet de 500 g,Oignons rouges,25043_Lidlfr_promo,1 kg = 2.98 €,25043_Lidlfr_promo_1673,42,<small class="specialdesc" style="                background-color: #f1830c;            ">18/02 - 21/02  <strong class="price pricebutton" style="                color:#cf6d04;            "> € 1.49    Le filet de 500 g  1 kg = 2.98 €,3,1.49,14499,AF0D27B2AABD25532583F4EC8394FFB3,Oignons rouges,593A27C9E260CB7C4DCE4D5CD64FFACF,18/02/2015 13:43:38,€,80F647212B3F6737FA19D4B0315CAB25,E8F4D8F59F34AC30A908AF58D123135A,657,1673,25043_Lidlfr_promo_1673_14499,Lidl.fr_promo,25043_Lidlfr_promo,25043,http://www.Lidl.fr/fr/fruits-legumes.htm,,18/02 - 21/02,,
25047_Lidlfr_promo_1673_14499,Nos promos/Fruits & légumes,Le filet de 25 kg,Pommes de terre rouges,25047_Lidlfr_promo,1 kg = 0.40 €,25047_Lidlfr_promo_1673,42,<small class="specialdesc" style="                background-color: #f1830c;            ">18/02 - 21/02  <strong class="price pricebutton" style="                color:#cf6d04;            "> € 0.99    Le filet de 25 kg  1 kg = 0.40 €,5,0.99,14499,DCC459F5A1FCA514DA0FE164AC745002,Pommes de terre rouges,DA569E3CDAB856F4021FB07D36C09F8A,18/02/2015 13:43:38,€,984762DD8EB7473F87B980ED4724DF80,4DAAB94B22B63A9E47C1762083A4C9E0,657,1673,25047_Lidlfr_promo_1673_14499,Lidl.fr_promo,25047_Lidlfr_promo,25047,http://www.Lidl.fr/fr/fruits-legumes.htm,,18/02 - 21/02,,
24990_Lidlfr_promo_1673_14499,Nos promos/Bonnes affaires,L'unité au choix,Jeu de construction,24990_Lidlfr_promo,,24990_Lidlfr_promo_1673,44,<small class="specialdesc" style="                background-color: #1f4fb8;            ">19/02 - 19/02  <strong class="price pricebutton" style="                color:#1f4fb8;            "> € 7.99    L'unité au choix,2,7.99,14499,236F73BB129F25B0CB70223223B12BA5,Jeu de construction,AE1A36EA70B84D9558205BDE73911D3F,18/02/2015 13:43:44,€,BA7FB8E1497CF2FD54364AD933266B00,D2B6D861D66FA14BB7CF8C6112D13E0D,657,1673,24990_Lidlfr_promo_1673_14499,Lidl.fr_promo,24990_Lidlfr_promo,24990,http://www.Lidl.fr/fr/bonnes-affaires.htm,,19/02 - 19/02,,
24992_Lidlfr_promo_1673_14499,Nos promos/Bonnes affaires,L'unité au choix,Voiture télécommandée,24992_Lidlfr_promo,,24992_Lidlfr_promo_1673,44,<small class="specialdesc" style="                background-color: #1f4fb8;            ">19/02 - 19/02  <strong class="price pricebutton" style="                color:#1f4fb8;            "> € 17.99 *   L'unité au choix,4,17.99,14499,88E3BDC448188C614B760E75C86BCFE3,Voiture télécommandée,88CD4857F122F62A9051C04CBB6EA43E,18/02/2015 13:43:45,€,F2543606CB77ACAEA902F64F83448571,E809EFCDEDFD3421D6AF8AA39F754F7B,657,1673,24992_Lidlfr_promo_1673_14499,Lidl.fr_promo,24992_Lidlfr_promo,24992,http://www.Lidl.fr/fr/bonnes-affaires.htm,,19/02 - 19/02,,
25171_Lidlfr_promo_1673_14499,Nos promos/Moins cher,75 cl,Côtes du Rhône Domaine AOP,25171_Lidlfr_promo,1 L = 2.65 €,25171_Lidlfr_promo_1673,40,<small class="pricecut" style="                color:#e52031;                            background-color:#ffffff;                            border:1px solid #e52031;            "> Moins cher ! <em class="priceold" style="                border-left: 2px solid #e52031;            "> 2.19   <small class="specialdesc" style="                background-color: #e52031;            ">25/02 - 03/03  <strong class="price pricebutton" style="                color:#e52031;            "> € 1.99    75 cl  1 L = 2.65 €,26,1.99,14499,B24A658FE4040F018ADD9E20411C26BC,Côtes du Rhône Domaine AOP,F9BC80B2582A5E1FF6F4C8C949A0193E,18/02/2015 13:43:33,€,81665D82D8DDCB6C765E00C3416261FA,3F485403B8671C13C3BF51FEE6E02132,657,1673,25171_Lidlfr_promo_1673_14499,Lidl.fr_promo,25171_Lidlfr_promo,25171,http://www.Lidl.fr/fr/moins-cher.htm,Moins cher !,25/02 - 03/03,2.19,
25036_Lidlfr_promo_1673_14499,Nos promos/Super samedi,75 cl,Zinfandel Vin de Californie rosé,25036_Lidlfr_promo,1 L = 1.72 €,25036_Lidlfr_promo_1673,41,<small class="pricecut" style="                color:#e52031;                            background-color:#ffffff;                            border:1px solid #e52031;            "> -50% <em class="priceold" style="                border-left: 2px solid #e52031;            "> 2.59   <small class="specialdesc" style="                background-color: #e52031;            ">21/02 - 21/02  <strong class="price pricebutton" style="                color:#e52031;            "> € 1.29    75 cl  1 L = 1.72 €,1,1.29,14499,9CAA62442A7CC7965124772DA6F2296B,Zinfandel Vin de Californie rosé,F55D8545D2DB46BF836D2BDA00AFD027,18/02/2015 13:43:35,€,B594F1904A6B478CE78F2DE3604EFDBF,DA383B7F4FB8B92BB70373274BFA6879,657,1673,25036_Lidlfr_promo_1673_14499,Lidl.fr_promo,25036_Lidlfr_promo,25036,http://www.Lidl.fr/fr/super-samedi.htm,-50%,21/02 - 21/02,2.59,
25041_Lidlfr_promo_1673_14499,Nos promos/Fruits & légumes,Le filet de 1 kg,Tomates,25041_Lidlfr_promo,,25041_Lidlfr_promo_1673,42,<small class="specialdesc" style="                background-color: #f1830c;            ">18/02 - 21/02  <strong class="price pricebutton" style="                color:#cf6d04;            "> € 0.99    Le filet de 1 kg,1,0.99,14499,B3C5ED276F9D7F1493AB2E77658B92B8,Tomates,EDA4528D5803C4BB8F5C9970928CD3A9,18/02/2015 13:43:37,€,01779EC2938D567FB9A2CD7838F3658F,F0B77BE6BB9550347D8763F2518CB312,657,1673,25041_Lidlfr_promo_1673_14499,Lidl.fr_promo,25041_Lidlfr_promo,25041,http://www.Lidl.fr/fr/fruits-legumes.htm,,18/02 - 21/02,,
24981_Lidlfr_promo_1673_14499,Nos promos/Bonnes affaires,L'unité au choix,Cadenas,24981_Lidlfr_promo,,24981_Lidlfr_promo_1673,44,<small class="specialdesc" style="                background-color: #1f4fb8;            ">19/02 - 19/02  <strong class="price pricebutton" style="                color:#1f4fb8;            "> € 4.99    L'unité au choix,1,4.99,14499,9AA6F34CDC4C32F13BF251DAB6F54F3C,Cadenas,504ECF8917BA2200599ADB9B1A2DE3AE,18/02/2015 13:43:44,€,18A16FEFADD4AEBD5442223A55802AAB,9ADBAADF095C8DE0D2D0B53FE92A5DBB,657,1673,24981_Lidlfr_promo_1673_14499,Lidl.fr_promo,24981_Lidlfr_promo,24981,http://www.Lidl.fr/fr/bonnes-affaires.htm,,19/02 - 19/02,,
24974_Lidlfr_promo_1673_14499,Nos promos/Plantes & fleurs,La barquette de 10 plans,Primevère acaulis,24974_Lidlfr_promo,Le 18/02,24974_Lidlfr_promo_1673,43,<strong class="price pricebutton" style="                color:#f05660;            "> € 2.49  La barquette de 10 plans  Le 18/02,2,2.49,14499,803217FCA54B74A204BD3902B3C021BF,Primevère acaulis,D1E69202CFB6627D8FA7B3D03D12BA3C,18/02/2015 13:43:41,€,ECB00BF1DC3F73C9B82A98ECE3DFDD17,F138E593207A9B63CE9A539AA94337BC,657,1673,24974_Lidlfr_promo_1673_14499,Lidl.fr_promo,24974_Lidlfr_promo,24974,http://www.Lidl.fr/fr/plantes-fleurs.htm,,,,
24869_Lidlfr_promo_3159_14499,Nos offres/Mercredi 18/02|USA/Mercredi 18/02,480/490/500 ml au choix,Sauce,24869_Lidlfr_promo,1 L = 3.10 €,24869_Lidlfr_promo_3159,48,<strong class="price pricebutton" style="                color:#d83b30;            "> € 1.49  480/490/500 ml au choix  1 L = 3.10 €,4,1.49,14499,287B805F7C2564A1070061BB00695E79,Sauce,7197F65A0E53B7E8719325AECE8E2FEB,18/02/2015 13:44:02,€,AC2710EBB0661DCE5955EBAC42F5DADF,CEC819FA603E0B3F17E6AEAF4A6E6890,55,3159,24869_Lidlfr_promo_3159_14499,Lidl.fr_promo,24869_Lidlfr_promo,24869,http://www.Lidl.fr/fr/offres-513.htm?id=591,,,,
24870_Lidlfr_promo_3159_14499,Nos offres/Mercredi 18/02|USA/Mercredi 18/02,400 g (PNE),Cornichons tranchés,24870_Lidlfr_promo,1 kg = 3.73 €,24870_Lidlfr_promo_3159,48,<strong class="price pricebutton" style="                color:#d83b30;            "> € 1.49  400 g (PNE)  1 kg = 3.73 €,5,1.49,14499,FCF74CCD0088FF5C7A1AD530C219490E,Cornichons tranchés,08729D284E025B1B8A8E6047AA3070AD,18/02/2015 13:44:02,€,D04277B06A376FCD34F6036D8B29907A,8AC8AB5790BE587836C18B1E2184BAC0,55,3159,24870_Lidlfr_promo_3159_14499,Lidl.fr_promo,24870_Lidlfr_promo,24870,http://www.Lidl.fr/fr/offres-513.htm?id=591,,,,
24766_Lidlfr_promo_3159_14499,Nos offres/Lundi 16/02|Auto/Moto/Lundi 16/02,La paire au choix,Chaussettes de moto,24766_Lidlfr_promo,,24766_Lidlfr_promo_3159,47,<strong class="price pricebutton" style="                color:#f17230;            "> € 2.99  La paire au choix,11,2.99,14499,A2818279F29CBA4AF8201613E3A799C2,Chaussettes de moto,CAF28196A231980E3AD76EB6B62EECCA,18/02/2015 13:43:58,€,53CEA58ECC40A7780A1DA462972DBFB5,4527D8D0B1692F0BFD2480464BB20457,55,3159,24766_Lidlfr_promo_3159_14499,Lidl.fr_promo,24766_Lidlfr_promo,24766,http://www.Lidl.fr/fr/offres-513.htm?id=589,,,,
24768_Lidlfr_promo_3159_14499,Nos offres/Lundi 16/02|Auto/Moto/Lundi 16/02,L'unité,Galerie porte-bagages en aluminium,24768_Lidlfr_promo,,24768_Lidlfr_promo_3159,47,<strong class="price pricebutton" style="                color:#f17230;            "> € 34.99  L'unité,13,34.99,14499,11FA63F75DCEF42480C4D81334E39F12,Galerie porte-bagages en aluminium,1BB555B7E5E6EE79C89ABA81E44B953A,18/02/2015 13:43:58,€,A44729A3FFBEED3070E2FAA4863B2065,B073CE3B662C38AB02C8FD02CE384A44,55,3159,24768_Lidlfr_promo_3159_14499,Lidl.fr_promo,24768_Lidlfr_promo,24768,http://www.Lidl.fr/fr/offres-513.htm?id=589,,,,
24757_Lidlfr_promo_3159_14499,Nos offres/Lundi 16/02|Auto/Moto/Lundi 16/02,L'unité au choix,Maillot technique de moto homme,24757_Lidlfr_promo,,24757_Lidlfr_promo_3159,47,<strong class="price pricebutton" style="                color:#f17230;            "> € 14.99  L'unité au choix,3,14.99,14499,1B145E2EBDCB136FC00500E3C1174F8C,Maillot technique de moto homme,BB85B7C8B3620E4EDA29B4E387C58EF4,18/02/2015 13:43:56,€,B54F4D56288F8D1D9F054EE5C4B11D45,8A4698917FE654CFB25A8BE97C24B4B3,55,3159,24757_Lidlfr_promo_3159_14499,Lidl.fr_promo,24757_Lidlfr_promo,24757,http://www.Lidl.fr/fr/offres-513.htm?id=589,,,,
24760_Lidlfr_promo_3159_14499,Nos offres/Lundi 16/02|Auto/Moto/Lundi 16/02,La paire,Gants de moto,24760_Lidlfr_promo,,24760_Lidlfr_promo_3159,47,<strong class="price pricebutton" style="                color:#f17230;            "> € 19.99  La paire,5,19.99,14499,72D518DF3D9FF3C968C86B14D54558D0,Gants de moto,32E0DFBF4B116D9B881220E8ED680941,18/02/2015 13:43:56,€,C8F6DDFB00EF17BD050F986C202F1013,6B41F17ABD11BBC46176560B301A4E24,55,3159,24760_Lidlfr_promo_3159_14499,Lidl.fr_promo,24760_Lidlfr_promo,24760,http://www.Lidl.fr/fr/offres-513.htm?id=589,,,,
24762_Lidlfr_promo_3159_14499,Nos offres/Lundi 16/02|Auto/Moto/Lundi 16/02,L'unité,Cagoule moto,24762_Lidlfr_promo,,24762_Lidlfr_promo_3159,47,<strong class="price pricebutton" style="                color:#f17230;            "> € 4.99  L'unité,7,4.99,14499,551105CE5828048CAC5EA8A486AAE3C8,Cagoule moto,9F58C6EA6CF5E94DD175C0675AF7D0D2,18/02/2015 13:43:57,€,8D09D4EFE32621534215147E8A584E16,DCE4D150D598F12D9B87A16283857712,55,3159,24762_Lidlfr_promo_3159_14499,Lidl.fr_promo,24762_Lidlfr_promo,24762,http://www.Lidl.fr/fr/offres-513.htm?id=589,,,,
24764_Lidlfr_promo_3159_14499,Nos offres/Lundi 16/02|Auto/Moto/Lundi 16/02,L'unité,Ceinture lombaire,24764_Lidlfr_promo,,24764_Lidlfr_promo_3159,47,<strong class="price pricebutton" style="                color:#f17230;            "> € 4.99  L'unité,9,4.99,14499,DFEEA130B2B3DCA1D4D52EF9F2D4D9E3,Ceinture lombaire,DB5BC47DE205CEDD0076C5C5968F66D3,18/02/2015 13:43:57,€,96CECA4F08234EA5C473810EBF242EA9,44B8B1B5C2C259DF31D9D9B0F53BE68B,55,3159,24764_Lidlfr_promo_3159_14499,Lidl.fr_promo,24764_Lidlfr_promo,24764,http://www.Lidl.fr/fr/offres-513.htm?id=589,,,,
24872_Lidlfr_promo_3159_14499,Nos offres/Mercredi 18/02|USA/Mercredi 18/02,500 g au choix,Spare ribs (travers de porc),24872_Lidlfr_promo,1 kg = 6.98 €,24872_Lidlfr_promo_3159,48,<strong class="price pricebutton" style="                color:#d83b30;            "> € 3.49  500 g au choix  1 kg = 6.98 €,7,3.49,14499,A11AFA0709EF52CB0023DF67674C7578,Spare ribs (travers de porc),39BFE7A97889BFA3A2B4DD980AB402FF,18/02/2015 13:44:03,€,F9F3D87EB9F73335187336A16F2E9DE6,B6E61F3A46000AF53590F293DCF35C20,55,3159,24872_Lidlfr_promo_3159_14499,Lidl.fr_promo,24872_Lidlfr_promo,24872,http://www.Lidl.fr/fr/offres-513.htm?id=591,,,,
24793_Lidlfr_promo_3159_14499,Nos offres/Lundi 16/02|Mode enfant/Lundi 16/02,Le lot au choix,2 tee-shirts manches longues fille ou garçon,24793_Lidlfr_promo,,24793_Lidlfr_promo_3159,46,<strong class="price pricebutton" style="                color:#ee73aa;            "> € 3.49  Le lot au choix,5,3.49,14499,FB812EBB66A20A4E8EF413A165C3593A,2 tee-shirts manches longues fille ou garçon,2204491F8CCA08642E98970756D0A4F6,18/02/2015 13:43:53,€,5934E138310C67053EBDCE4E2AFE8D24,FDB2B215ACA454782C69BC1EE9A85D81,55,3159,24793_Lidlfr_promo_3159_14499,Lidl.fr_promo,24793_Lidlfr_promo,24793,http://www.Lidl.fr/fr/offres-513.htm?id=588,,,,
24867_Lidlfr_promo_3159_14499,Nos offres/Mercredi 18/02|USA/Mercredi 18/02,200 g,Chips goût barbecue,24867_Lidlfr_promo,1 kg = 4.95 €,24867_Lidlfr_promo_3159,48,<strong class="price pricebutton" style="                color:#d83b30;            "> € 0.99  200 g  1 kg = 4.95 €,2,0.99,14499,324158FC1BEF0BE782A8BD32B13CEDB7,Chips goût barbecue,58D5F320211FEB1230264AB998AC070B,18/02/2015 13:44:01,€,D83E96E9497A735B897D23DCEC778CCF,CBEC56EA8D7B1D9787F7C1297488C798,55,3159,24867_Lidlfr_promo_3159_14499,Lidl.fr_promo,24867_Lidlfr_promo,24867,http://www.Lidl.fr/fr/offres-513.htm?id=591,,,,
24755_Lidlfr_promo_3159_14499,Nos offres/Lundi 16/02|Auto/Moto/Lundi 16/02,L'unité au choix,Etui pour GPS ou manchons scooter,24755_Lidlfr_promo,,24755_Lidlfr_promo_3159,47,<strong class="price pricebutton" style="                color:#f17230;            "> € 9.99  L'unité au choix,1,9.99,14499,757DEF678AE091C9EC98E9F75972B931,Etui pour GPS ou manchons scooter,EC11A4CE9D92C9818CE2029F2F756F15,18/02/2015 13:43:55,€,12FBDB1350F7987320853437EB4DF158,96BC82D11851FAD841C56BAC26D777A6,55,3159,24755_Lidlfr_promo_3159_14499,Lidl.fr_promo,24755_Lidlfr_promo,24755,http://www.Lidl.fr/fr/offres-513.htm?id=589,,,,
24791_Lidlfr_promo_3159_14499,Nos offres/Lundi 16/02|Mode enfant/Lundi 16/02,L'unité au choix,Veste imperméable fille,24791_Lidlfr_promo,,24791_Lidlfr_promo_3159,46,<strong class="price pricebutton" style="                color:#ee73aa;            "> € 9.99  L'unité au choix,3,9.99,14499,A3174B0429A75D7D038971C8AB266A12,Veste imperméable fille,8188C0C53D4894EB5D35DDCAC00F12D1,18/02/2015 13:43:52,€,FBFC1E58B0D636D1E247DB9A6D6B68CF,2933FEB99140863146F78CA650897C2F,55,3159,24791_Lidlfr_promo_3159_14499,Lidl.fr_promo,24791_Lidlfr_promo,24791,http://www.Lidl.fr/fr/offres-513.htm?id=588,,,,
24874_Lidlfr_promo_3159_14499,Nos offres/Mercredi 18/02|USA/Mercredi 18/02,420/438/450 g au choix,Crème glacée,24874_Lidlfr_promo,1 kg = 6.40 €,24874_Lidlfr_promo_3159,48,<strong class="price pricebutton" style="                color:#d83b30;            "> € 2.69  420/438/450 g au choix  1 kg = 6.40 €,11,2.69,14499,25F31E71CA324FAAB35CDF368E58A90F,Crème glacée,DB586D39263FC46995D448DAA1B0F564,18/02/2015 13:44:04,€,0668D16E3BBA4E02D6F5BD7FF9BDBA54,AA08CAA980FEA246EBCFF950B4EAE2E7,55,3159,24874_Lidlfr_promo_3159_14499,Lidl.fr_promo,24874_Lidlfr_promo,24874,http://www.Lidl.fr/fr/offres-513.htm?id=591,,,,
24876_Lidlfr_promo_3159_14499,Nos offres/Mercredi 18/02|USA/Mercredi 18/02,200 g,Préparation pour pancakes,24876_Lidlfr_promo,1 kg = 6.45 €,24876_Lidlfr_promo_3159,48,<strong class="price pricebutton" style="                color:#d83b30;            "> € 1.29  200 g  1 kg = 6.45 €,12,1.29,14499,15760803F05A86F2F782709737225DAD,Préparation pour pancakes,43B3D8F69919EC761C97287D48A84112,18/02/2015 13:44:04,€,84AAFAB0B19B5BD987D89155011C8163,E04F87E54CA47E7AAC0FDE5F55A2B928,55,3159,24876_Lidlfr_promo_3159_14499,Lidl.fr_promo,24876_Lidlfr_promo,24876,http://www.Lidl.fr/fr/offres-513.htm?id=591,,,,
24878_Lidlfr_promo_3159_14499,Nos offres/Mercredi 18/02|USA/Mercredi 18/02,300 g,6 pancakes,24878_Lidlfr_promo,1 kg = 5.30 €,24878_Lidlfr_promo_3159,48,<strong class="price pricebutton" style="                color:#d83b30;            "> € 1.59  300 g  1 kg = 5.30 €,14,1.59,14499,39A227E823C6C016913580FDF977E3C8,6 pancakes,992E7015A479E312A495ED61AFF9ED60,18/02/2015 13:44:04,€,D1C2AF4CBFDF1C66BD0FC04D1295DC41,519FAB1C21E011CB83230C17046B5CF2,55,3159,24878_Lidlfr_promo_3159_14499,Lidl.fr_promo,24878_Lidlfr_promo,24878,http://www.Lidl.fr/fr/offres-513.htm?id=591,,,,
24847_Lidlfr_promo_3159_14499,Nos offres/Jeudi 19/02|Douce nuit/Jeudi 19/02,L'ensemble au choix,Pyjama homme,24847_Lidlfr_promo,,24847_Lidlfr_promo_3159,49,<strong class="price pricebutton" style="                color:#a65c9b;            "> € 9.99  L'ensemble au choix,7,9.99,14499,1D339B0311A10653DCFE4B3DBB6A4F24,Pyjama homme,7798806CFCA12391B06A69EE021C7CC8,18/02/2015 13:44:09,€,918706B677DE3673A0D859468BF7A972,0743832AD29F3A3EE0F01243AABBC3B8,55,3159,24847_Lidlfr_promo_3159_14499,Lidl.fr_promo,24847_Lidlfr_promo,24847,http://www.Lidl.fr/fr/offres-513.htm?id=590,,,,
24861_Lidlfr_promo_3159_14499,Nos offres/Jeudi 19/02|Douce nuit/Jeudi 19/02,L'unité au choix,Lampe halogène à pince,24861_Lidlfr_promo,,24861_Lidlfr_promo_3159,49,<strong class="price pricebutton" style="                color:#a65c9b;            "> € 5.99  L'unité au choix,9,5.99,14499,56CEC8B7309F8D033E5153557413A3C8,Lampe halogène à pince,ED3FB1B40FC4746769A50EA36E81F169,18/02/2015 13:44:09,€,2B8076A127A807B9AA1F40BE584501F1,4EE81D87959972EC4F7D90FAE46639F5,55,3159,24861_Lidlfr_promo_3159_14499,Lidl.fr_promo,24861_Lidlfr_promo,24861,http://www.Lidl.fr/fr/offres-513.htm?id=590,,,,
24863_Lidlfr_promo_3159_14499,Nos offres/Jeudi 19/02|Douce nuit/Jeudi 19/02,La paire au choix,Lunettes pliables avec étui,24863_Lidlfr_promo,,24863_Lidlfr_promo_3159,49,<strong class="price pricebutton" style="                color:#a65c9b;            "> € 3.49  La paire au choix,10,3.49,14499,FC73D134E638DFB2A01F4E2D4B1FCD4D,Lunettes pliables avec étui,A35BC630316EA248AF83E6F36245255F,18/02/2015 13:44:10,€,EF642F7DA61B483335F84628B4304467,66A733FEBE222A5F3AE377F413C19305,55,3159,24863_Lidlfr_promo_3159_14499,Lidl.fr_promo,24863_Lidlfr_promo,24863,http://www.Lidl.fr/fr/offres-513.htm?id=590,,,,
25011_Lidlfr_promo_3159_14499,Nos offres/Lundi 23/02|Extérieur/Lundi 23/02,L'aérosol de 400 ml,Peinture de protection pour métaux,25011_Lidlfr_promo,1 L = 7.47 €,25011_Lidlfr_promo_3159,51,<strong class="price pricebutton" style="                color:#4b650d;            "> € 2.99  L'aérosol de 400 ml  1 L = 7.47 €,1,2.99,14499,88D6E70BCF3AD2B32B0599B306168897,Peinture de protection pour métaux,9604B6D4DFAFA0272D63141F4F5B559E,18/02/2015 13:44:22,€,C6FBC81C4E899AB86F60A5AE3175126A,68E3BF852693AD8A72F32FDFE50DC6D4,55,3159,25011_Lidlfr_promo_3159_14499,Lidl.fr_promo,25011_Lidlfr_promo,25011,http://www.Lidl.fr/fr/offres-513.htm?id=594,,,,
25013_Lidlfr_promo_3159_14499,Nos offres/Lundi 23/02|Extérieur/Lundi 23/02,Le pot de 5 L,Lasure déco longue durée,25013_Lidlfr_promo,1 L = 2.59 €,25013_Lidlfr_promo_3159,51,<strong class="price pricebutton" style="                color:#4b650d;            "> € 12.99  Le pot de 5 L  1 L = 2.59 €,3,12.99,14499,29A5B314A169C686578D6DB70D085FF2,Lasure déco longue durée,892AE97E8665B4BA13C673E8B1A98C41,18/02/2015 13:44:23,€,7C32BB3A9A07CD76BA97BAE733A4D83D,7DAC0F8F86AFC0DB7F7854D370346127,55,3159,25013_Lidlfr_promo_3159_14499,Lidl.fr_promo,25013_Lidlfr_promo,25013,http://www.Lidl.fr/fr/offres-513.htm?id=594,,,,
24836_Lidlfr_promo_3159_14499,Nos offres/Jeudi 19/02|Douce nuit/Jeudi 19/02,L'unité,Coussin en microfibre,24836_Lidlfr_promo,,24836_Lidlfr_promo_3159,49,<strong class="price pricebutton" style="                color:#a65c9b;            "> € 8.99  L'unité,2,8.99,14499,201F70778F5BC24C0BE89A76D83D7E77,Coussin en microfibre,91885776285FB78BC2B187BC8176F4BC,18/02/2015 13:44:08,€,9983EB8244EACAA7F10089882CB6F447,BD44F20EE6AC130433C642094CECD336,55,3159,24836_Lidlfr_promo_3159_14499,Lidl.fr_promo,24836_Lidlfr_promo,24836,http://www.Lidl.fr/fr/offres-513.htm?id=590,,,,
24845_Lidlfr_promo_3159_14499,Nos offres/Jeudi 19/02|Douce nuit/Jeudi 19/02,L'unité au choix,Drap-housse en jersey,24845_Lidlfr_promo,,24845_Lidlfr_promo_3159,49,<strong class="price pricebutton" style="                color:#a65c9b;            "> à partir de  € 5.99  L'unité au choix,5,5.99,14499,757D15BF82CD331E8B8EC09F47FEE82E,Drap-housse en jersey,B3084720D4E32803B1C31BB1C09599AB,18/02/2015 13:44:08,€,C3E36DCD452F8363F6C381FC98F6D273,FB8AF9B1003EAAF5C36F2F065DA4FCA0,55,3159,24845_Lidlfr_promo_3159_14499,Lidl.fr_promo,24845_Lidlfr_promo,24845,http://www.Lidl.fr/fr/offres-513.htm?id=590,,,,
24944_Lidlfr_promo_3159_14499,Nos offres/Jeudi 19/02|Maison/Jeudi 19/02,L'unité au choix,Mini commode,24944_Lidlfr_promo,,24944_Lidlfr_promo_3159,50,<strong class="price pricebutton" style="                color:#f3846a;            "> € 14.99*  L'unité au choix,1,14.99,14499,521BD149204CCDCD154698B806C7DE8C,Mini commode,7DAA08DF090E0FE5101CA7004C584D07,18/02/2015 13:44:12,€,33DE0AE22D71B60672136B4722842BF0,4EA59864816087BB60D6E5680C047A5E,55,3159,24944_Lidlfr_promo_3159_14499,Lidl.fr_promo,24944_Lidlfr_promo,24944,http://www.Lidl.fr/fr/offres-513.htm?id=592,,,,
24946_Lidlfr_promo_3159_14499,Nos offres/Jeudi 19/02|Maison/Jeudi 19/02,Le lot au choix,4 boutons de meuble,24946_Lidlfr_promo,,24946_Lidlfr_promo_3159,50,<strong class="price pricebutton" style="                color:#f3846a;            "> € 3.99*  Le lot au choix,3,3.99,14499,5BF96FE7A5AEF8C93763054BD75CEEA3,4 boutons de meuble,7E9D2DF76C631DDBD6EF128B6B20FD60,18/02/2015 13:44:12,€,D9265E80D4D7FB8C20ED9D5077093C53,52AC89F6FD092A77578033A1B21594FF,55,3159,24946_Lidlfr_promo_3159_14499,Lidl.fr_promo,24946_Lidlfr_promo,24946,http://www.Lidl.fr/fr/offres-513.htm?id=592,,,,
24951_Lidlfr_promo_3159_14499,Nos offres/Jeudi 19/02|Maison/Jeudi 19/02,L'unité au choix,Coussin,24951_Lidlfr_promo,,24951_Lidlfr_promo_3159,50,<strong class="price pricebutton" style="                color:#f3846a;            "> € 4.99  L'unité au choix,9,4.99,14499,D7B65F415935B4C6E8FC46C1D513C9AF,Coussin,61EC39A3F4974AA488C79437AC822821,18/02/2015 13:44:14,€,5251810616AAE7CAB8A7F7828ABF6F93,493733B1EA397D196293BBF12B839A4F,55,3159,24951_Lidlfr_promo_3159_14499,Lidl.fr_promo,24951_Lidlfr_promo,24951,http://www.Lidl.fr/fr/offres-513.htm?id=592,,,,
24953_Lidlfr_promo_3159_14499,Nos offres/Jeudi 19/02|Maison/Jeudi 19/02,Le lot au choix,2 sets de table,24953_Lidlfr_promo,,24953_Lidlfr_promo_3159,50,<strong class="price pricebutton" style="                color:#f3846a;            "> € 2.99  Le lot au choix,11,2.99,14499,C187C295D50FEE21F9F053E69D7C9FEB,2 sets de table,3DEAC6B41624D9221597C17E6362C8E3,18/02/2015 13:44:14,€,C85A9419ECCAEF79A2BFEF8FFCF57FE1,ABC8818C03E3574658E1A5DD95D2FF8D,55,3159,24953_Lidlfr_promo_3159_14499,Lidl.fr_promo,24953_Lidlfr_promo,24953,http://www.Lidl.fr/fr/offres-513.htm?id=592,,,,
24881_Lidlfr_promo_3159_14499,Nos offres/Mercredi 18/02|USA/Mercredi 18/02,454 g au choix,Beurre de cacahuète,24881_Lidlfr_promo,1 kg = 5.70 €,24881_Lidlfr_promo_3159,48,<strong class="price pricebutton" style="                color:#d83b30;            "> € 2.59  454 g au choix  1 kg = 5.70 €,17,2.59,14499,1C699B1B2FB3F45D26D8AA3D1B68C578,Beurre de cacahuète,0B22B4F61E98885F86BB0056F3EDDE41,18/02/2015 13:44:05,€,E20111065A5C45CA11AC65271AC3582E,D0A194DC29EE00D2F22EF573F2D7097F,55,3159,24881_Lidlfr_promo_3159_14499,Lidl.fr_promo,24881_Lidlfr_promo,24881,http://www.Lidl.fr/fr/offres-513.htm?id=591,,,,
24832_Lidlfr_promo_3159_14499,Nos offres/Jeudi 19/02|Douce nuit/Jeudi 19/02,La parure au choix,Parure de lit en coton renforcé,24832_Lidlfr_promo,,24832_Lidlfr_promo_3159,49,<strong class="price pricebutton" style="                color:#a65c9b;            "> à partir de  € 11.99  La parure au choix,1,11.99,14499,732CD9DCF1D6AC835A83301146A14E2A,Parure de lit en coton renforcé,6F00CB89A6EA88F49EF0B1DD761319EF,18/02/2015 13:44:07,€,848917660ADB793E71AA9FAD9FC5956C,659F7811510C2A2B265A09A56095C702,55,3159,24832_Lidlfr_promo_3159_14499,Lidl.fr_promo,24832_Lidlfr_promo,24832,http://www.Lidl.fr/fr/offres-513.htm?id=590,,,,
24948_Lidlfr_promo_3159_14499,Nos offres/Jeudi 19/02|Maison/Jeudi 19/02,Le lot ou l'unité au choix,Accessoire(s) de décoration,24948_Lidlfr_promo,,24948_Lidlfr_promo_3159,50,<strong class="price pricebutton" style="                color:#f3846a;            "> € 2.99  Le lot ou l'unité au choix,6,2.99,14499,EFCC13E7D52FA89A702DD787F5A7D3BB,Accessoire(s) de décoration,4DB9E95B7490F9C064472F13FCA44A59,18/02/2015 13:44:13,€,1C3F2DF7317664AC7186FC52C6A1383B,4579B0511A0E6319628FFC17CC6B3998,55,3159,24948_Lidlfr_promo_3159_14499,Lidl.fr_promo,24948_Lidlfr_promo,24948,http://www.Lidl.fr/fr/offres-513.htm?id=592,,,,
25107_Lidlfr_promo_3159_14499,Nos offres/Mercredi 25/02|Savoie/Mercredi 25/02,2 x 125 g,Yaourt de Savoie à la praline rose,25107_Lidlfr_promo,1 kg = 5.56 €,25107_Lidlfr_promo_3159,52,<strong class="price pricebutton" style="                color:#007d9b;            "> € 1.39  2 x 125 g  1 kg = 5.56 €,14,1.39,14499,9B09C5650BA851831C3B000DACD78E72,Yaourt de Savoie à la praline rose,B285F6961122ECB49CA6F98A9A4CAAB6,18/02/2015 13:44:31,€,7AA6C2E91DBD786F1CEF4A8C6C0583EE,B76226C0B9542B5FA7C4FF56FF755802,55,3159,25107_Lidlfr_promo_3159_14499,Lidl.fr_promo,25107_Lidlfr_promo,25107,http://www.Lidl.fr/fr/offres-513.htm?id=596,,,,
25109_Lidlfr_promo_3159_14499,Nos offres/Mercredi 25/02|Savoie/Mercredi 25/02,70 cl,Absinthe,25109_Lidlfr_promo,1 L = 24.27 €,25109_Lidlfr_promo_3159,52,<strong class="price pricebutton" style="                color:#007d9b;            "> € 16.99  70 cl  1 L = 24.27 €,16,16.99,14499,9D9039724E8B326C6874301408B99744,Absinthe,25329C71D2C36380439F3FB11325BD09,18/02/2015 13:44:32,€,1FB8A267DAAB52FFAC48E39CEF2C87C5,B759459D85D5C74EBD26499BBDB165E1,55,3159,25109_Lidlfr_promo_3159_14499,Lidl.fr_promo,25109_Lidlfr_promo,25109,http://www.Lidl.fr/fr/offres-513.htm?id=596,,,,
25110_Lidlfr_promo_3159_14499,Nos offres/Mercredi 25/02|Savoie/Mercredi 25/02,70 cl,Génépi des Alpes,25110_Lidlfr_promo,1 L = 17.13 €,25110_Lidlfr_promo_3159,52,<strong class="price pricebutton" style="                color:#007d9b;            "> € 11.99  70 cl  1 L = 17.13 €,17,11.99,14499,9441EA925ECE7DD9CC0B79AC23339D56,Génépi des Alpes,69F2033DC8650DCD358EDE00FAF1CF9D,18/02/2015 13:44:32,€,E9223E29B6398757B06E4DC294C5BB21,C14D241ACBC5861CFB8BD95CF2535812,55,3159,25110_Lidlfr_promo_3159_14499,Lidl.fr_promo,25110_Lidlfr_promo,25110,http://www.Lidl.fr/fr/offres-513.htm?id=596,,,,
25099_Lidlfr_promo_3159_14499,Nos offres/Mercredi 25/02|Savoie/Mercredi 25/02,300 g,Tartiflette au reblochon de Savoie AOP Label Rouge,25099_Lidlfr_promo,1 kg = 9.97 €,25099_Lidlfr_promo_3159,52,<strong class="price pricebutton" style="                color:#007d9b;            "> € 2.99  300 g  1 kg = 9.97 €,6,2.99,14499,4DFD030781C51DAC5AEF911752EA0AA9,Tartiflette au reblochon de Savoie AOP Label Rouge,36B69008D99DF41181EC2170FEBE2CFB,18/02/2015 13:44:29,€,B795BE256988199CFAB5F98C1291EDCE,BC4647BDDD46EE572310781A51030572,55,3159,25099_Lidlfr_promo_3159_14499,Lidl.fr_promo,25099_Lidlfr_promo,25099,http://www.Lidl.fr/fr/offres-513.htm?id=596,,,,
25101_Lidlfr_promo_3159_14499,Nos offres/Mercredi 25/02|Savoie/Mercredi 25/02,350 g,Tarte flambée recette raclette,25101_Lidlfr_promo,1 kg = 7.11 €,25101_Lidlfr_promo_3159,52,<strong class="price pricebutton" style="                color:#007d9b;            "> € 2.49  350 g  1 kg = 7.11 €,8,2.49,14499,0D390C4900814707391215D4A5E60BF6,Tarte flambée recette raclette,87B4FE02A0E231B2CA50422B06F81E31,18/02/2015 13:44:30,€,B0E280D381E61E98EA3B3237AC31D9E0,940222ADE2401C27CF112992065C8877,55,3159,25101_Lidlfr_promo_3159_14499,Lidl.fr_promo,25101_Lidlfr_promo,25101,http://www.Lidl.fr/fr/offres-513.htm?id=596,,,,
25145_Lidlfr_promo_3159_14499,Nos offres/Mercredi 25/02|Viandes de bœuf/Mercredi 25/02,8 x 125 g,Steaks hachés façon bouchère pur bœuf,25145_Lidlfr_promo,,25145_Lidlfr_promo_3159,53,<strong class="price pricebutton" style="                color:#eb212e;            "> € 7.29  8 x 125 g,8,7.29,14499,082D6B069DC624A2FE46348B1ECDFD9B,Steaks hachés façon bouchère pur bœuf,B6F10CB20DF3A1D083A38FAF3EA27BA2,18/02/2015 13:44:36,€,FF267ACB80A29322C9C1893CAC475D55,BE419CDF098BAE8C8530EA4F19AF3837,55,3159,25145_Lidlfr_promo_3159_14499,Lidl.fr_promo,25145_Lidlfr_promo,25145,http://www.Lidl.fr/fr/offres-513.htm?id=597,,,,
25147_Lidlfr_promo_3159_14499,Nos offres/Mercredi 25/02|Viandes de bœuf/Mercredi 25/02,30 x 30 g,Boulettes au bœuf,25147_Lidlfr_promo,1 kg = 4.83 €,25147_Lidlfr_promo_3159,53,<strong class="price pricebutton" style="                color:#eb212e;            "> € 4.35  30 x 30 g  1 kg = 4.83 €,10,4.35,14499,B0B7B14C635DDF5F283E8DAC059745CA,Boulettes au bœuf,7B50977D5FFA9366E7E3B7B968962F8A,18/02/2015 13:44:37,€,966245D2E81916093FCD4CD83128C71E,18318DA7DAE61A542729D9DA994161BE,55,3159,25147_Lidlfr_promo_3159_14499,Lidl.fr_promo,25147_Lidlfr_promo,25147,http://www.Lidl.fr/fr/offres-513.htm?id=597,,,,
25097_Lidlfr_promo_3159_14499,Nos offres/Mercredi 25/02|Savoie/Mercredi 25/02,600 g,Crozets au beaufort AOP et mini diots,25097_Lidlfr_promo,1 kg = 8.82 €,25097_Lidlfr_promo_3159,52,<strong class="price pricebutton" style="                color:#007d9b;            "> € 5.29  600 g  1 kg = 8.82 €,3,5.29,14499,78F449D8B9B640AF4D540CA3393F7E3C,Crozets au beaufort AOP et mini diots,6176470F130F88BB995164E327BC86C1,18/02/2015 13:44:28,€,FE19A48DB96F58B55364A7736C31D9F3,233E90F3F8794E85BC244BE259A99724,55,3159,25097_Lidlfr_promo_3159_14499,Lidl.fr_promo,25097_Lidlfr_promo,25097,http://www.Lidl.fr/fr/offres-513.htm?id=596,,,,
25112_Lidlfr_promo_3159_14499,Nos offres/Mercredi 25/02|Savoie/Mercredi 25/02,600 g,Gratin savoyard au beaufort AOP et mini diots,25112_Lidlfr_promo,1 kg = 8.32 €,25112_Lidlfr_promo_3159,52,<strong class="price pricebutton" style="                color:#007d9b;            "> € 4.99  600 g  1 kg = 8.32 €,4,4.99,14499,50AE4B3AE29D36F38E2566DE5BC15CA3,Gratin savoyard au beaufort AOP et mini diots,C01A031B2CD50E91708BE7735ECCBB12,18/02/2015 13:44:29,€,586C1666F4285711BE78E3D843923AAC,F02E21C27440AEF2E5C495CE615279E3,55,3159,25112_Lidlfr_promo_3159_14499,Lidl.fr_promo,25112_Lidlfr_promo,25112,http://www.Lidl.fr/fr/offres-513.htm?id=596,,,,
25141_Lidlfr_promo_3159_14499,Nos offres/Mercredi 25/02|Viandes de bœuf/Mercredi 25/02,180 g,1 entrecôte,25141_Lidlfr_promo,1 kg = 19.94 €,25141_Lidlfr_promo_3159,53,<strong class="price pricebutton" style="                color:#eb212e;            "> € 3.59  180 g  1 kg = 19.94 €,4,3.59,14499,FE585529494A008DE969620533D752FC,1 entrecôte,186408CA89ABDF7CED87C0627375B408,18/02/2015 13:44:35,€,5B68A385117B078D812F598DD47E1417,0B7127C966FA2DC3E83D3C9651E9D9B6,55,3159,25141_Lidlfr_promo_3159_14499,Lidl.fr_promo,25141_Lidlfr_promo,25141,http://www.Lidl.fr/fr/offres-513.htm?id=597,,,,
25143_Lidlfr_promo_3159_14499,Nos offres/Mercredi 25/02|Viandes de bœuf/Mercredi 25/02,10 x 100 g,Steaks hachés pur bœuf,25143_Lidlfr_promo,,25143_Lidlfr_promo_3159,53,<strong class="price pricebutton" style="                color:#eb212e;            "> € 5.17  10 x 100 g,6,5.17,14499,4BB670914E64ED1E0CC333529C8A96C1,Steaks hachés pur bœuf,A4623C9CCBAF27B833D34268BCA40EEE,18/02/2015 13:44:36,€,23E8BA92298C50B7E4EABE60187963AC,BFC58C81E954A4EE8722992437A86D9D,55,3159,25143_Lidlfr_promo_3159_14499,Lidl.fr_promo,25143_Lidlfr_promo,25143,http://www.Lidl.fr/fr/offres-513.htm?id=597,,,,
25103_Lidlfr_promo_3159_14499,Nos offres/Mercredi 25/02|Savoie/Mercredi 25/02,325 g,Tarte aux 3 fromages savoyards,25103_Lidlfr_promo,1 kg = 12.28 €,25103_Lidlfr_promo_3159,52,<strong class="price pricebutton" style="                color:#007d9b;            "> € 3.99  325 g  1 kg = 12.28 €,10,3.99,14499,05D22859D6CFFBA059DB9C03EE4A6E11,Tarte aux 3 fromages savoyards,8077BDF5F413A9EE5A2844F6DFC604AB,18/02/2015 13:44:30,€,56726C7F2A31428D2BD00CA09042443C,D82604DE52C7A4C0D104443D90790B81,55,3159,25103_Lidlfr_promo_3159_14499,Lidl.fr_promo,25103_Lidlfr_promo,25103,http://www.Lidl.fr/fr/offres-513.htm?id=596,,,,
25105_Lidlfr_promo_3159_14499,Nos offres/Mercredi 25/02|Savoie/Mercredi 25/02,300 g,Tomme de Savoie IGP,25105_Lidlfr_promo,1 kg = 10.30 €,25105_Lidlfr_promo_3159,52,<strong class="price pricebutton" style="                color:#007d9b;            "> € 3.09  300 g  1 kg = 10.30 €,12,3.09,14499,ADAC402393CA32366B79E602A499A8C4,Tomme de Savoie IGP,2B7CC1AFA347B3A742BC9B0F3B7B8906,18/02/2015 13:44:31,€,459530057CA9492C1F9127ED409732BE,DA29469A4B6418140138895517BE93C4,55,3159,25105_Lidlfr_promo_3159_14499,Lidl.fr_promo,25105_Lidlfr_promo,25105,http://www.Lidl.fr/fr/offres-513.htm?id=596,,,,
25019_Lidlfr_promo_3159_14499,Nos offres/Lundi 23/02|Extérieur/Lundi 23/02,L'unité au choix,Jardinière avec niveau d'eau,25019_Lidlfr_promo,,25019_Lidlfr_promo_3159,51,<strong class="price pricebutton" style="                color:#4b650d;            "> à partir de  € 4.99  L'unité au choix,10,4.99,14499,DF383F1C110F67D15BBF65FDC0EE7306,Jardinière avec niveau d'eau,CA323908A92926296998D1FE1B857AD5,18/02/2015 13:44:25,€,76BCDCD6CDEF6879E49C3A3C3C40C8BA,112473807DF45853E16204788CE21E2C,55,3159,25019_Lidlfr_promo_3159_14499,Lidl.fr_promo,25019_Lidlfr_promo,25019,http://www.Lidl.fr/fr/offres-513.htm?id=594,,,,
25020_Lidlfr_promo_3159_14499,Nos offres/Lundi 23/02|Extérieur/Lundi 23/02,L'unité au choix,Paillasson,25020_Lidlfr_promo,,25020_Lidlfr_promo_3159,51,<strong class="price pricebutton" style="                color:#4b650d;            "> € 2.99  L'unité au choix,11,2.99,14499,57F8CFCAC28C6E89F2EDAC948239AA40,Paillasson,95212150DA08F098FED0B1BA26B41958,18/02/2015 13:44:25,€,75AF651F5EA56C920B716BEC79B0DCEF,39E947EB63C8BAC0A911B23AC881C9BB,55,3159,25020_Lidlfr_promo_3159_14499,Lidl.fr_promo,25020_Lidlfr_promo,25020,http://www.Lidl.fr/fr/offres-513.htm?id=594,,,,
25015_Lidlfr_promo_3159_14499,Nos offres/Lundi 23/02|Extérieur/Lundi 23/02,Le set au choix,Set de pinceaux,25015_Lidlfr_promo,,25015_Lidlfr_promo_3159,51,<strong class="price pricebutton" style="                color:#4b650d;            "> € 7.99  Le set au choix,5,7.99,14499,90E795C57E39768FC257ED2097F19CC0,Set de pinceaux,25B87ADA3E8298AE7EAEE129007714F8,18/02/2015 13:44:23,€,33FC861487F75A6F54218D526FE81B4C,05204FDF0A9A07A4EAC25EC99AF7AE24,55,3159,25015_Lidlfr_promo_3159_14499,Lidl.fr_promo,25015_Lidlfr_promo,25015,http://www.Lidl.fr/fr/offres-513.htm?id=594,,,,
25017_Lidlfr_promo_3159_14499,Nos offres/Lundi 23/02|Extérieur/Lundi 23/02,L'unité,Pulvérisateur à pression,25017_Lidlfr_promo,,25017_Lidlfr_promo_3159,51,<strong class="price pricebutton" style="                color:#4b650d;            "> € 3.99  L'unité,7,3.99,14499,F67C5529EAAE30C012301FAD5CBAA27C,Pulvérisateur à pression,38A6B61F321293CCF9223EF42CA8EE74,18/02/2015 13:44:24,€,9055CD2FEBF75A1937E19F8F05F91F35,DB4AF40394D17C2399D9B2BECF0A961D,55,3159,25017_Lidlfr_promo_3159_14499,Lidl.fr_promo,25017_Lidlfr_promo,25017,http://www.Lidl.fr/fr/offres-513.htm?id=594,,,,
25095_Lidlfr_promo_3159_14499,Nos offres/Mercredi 25/02|Savoie/Mercredi 25/02,3 x 180 g,Assortiment de 3 terrines savoyardes,25095_Lidlfr_promo,1 kg = 4.61 €,25095_Lidlfr_promo_3159,52,<strong class="price pricebutton" style="                color:#007d9b;            "> € 2.49  3 x 180 g  1 kg = 4.61 €,1,2.49,14499,959A6977DB6BA4B53BF16AC5F23901E0,Assortiment de 3 terrines savoyardes,8D4F83ACDBB91FBC74C8BAF7B8348C8F,18/02/2015 13:44:28,€,4BEC7E2F91CB89120F481FA0E34A364F,875FFA7F896A4DA039E296E2D1F54937,55,3159,25095_Lidlfr_promo_3159_14499,Lidl.fr_promo,25095_Lidlfr_promo,25095,http://www.Lidl.fr/fr/offres-513.htm?id=596,,,,
24933_Lidlfr_promo_3159_14499,Nos promos/Moins cher,La bouteille de 1 L,Pur jus de 4 agrumes,24933_Lidlfr_promo,,24933_Lidlfr_promo_3159,55,<small class="pricecut" style="                color:#e52031;                            background-color:#ffffff;                            border:1px solid #e52031;            "> -20% <em class="priceold" style="                border-left: 2px solid #e52031;            "> 0.99   <small class="specialdesc" style="                background-color: #e52031;            ">18/02 - 24/02  <strong class="price pricebutton" style="                color:#e52031;            "> € 0.79    La bouteille de 1 L,10,0.79,14499,000D562AFB77B582CA15F738F4F353F6,Pur jus de 4 agrumes,EBE756400705F6C911A7BCD1A207E6AD,18/02/2015 13:44:44,€,ED6E45A8EC3645B9B1A1A2709FA44FE8,942DAAC277DACED487D09DDCBE753D73,55,3159,24933_Lidlfr_promo_3159_14499,Lidl.fr_promo,24933_Lidlfr_promo,24933,http://www.Lidl.fr/fr/moins-cher.htm,-20%,18/02 - 24/02,0.99,
24935_Lidlfr_promo_3159_14499,Nos promos/Moins cher,75 cl,Côtes de Bordeaux AOP,24935_Lidlfr_promo,1 L = 2.79 €,24935_Lidlfr_promo_3159,55,<small class="pricecut" style="                color:#e52031;                            background-color:#ffffff;                            border:1px solid #e52031;            "> -22% <em class="priceold" style="                border-left: 2px solid #e52031;            "> 2.69   <small class="specialdesc" style="                background-color: #e52031;            ">18/02 - 24/02  <strong class="price pricebutton" style="                color:#e52031;            "> € 2.09    75 cl  1 L = 2.79 €,12,2.09,14499,57094FABF183A9D10DDA4D23E5755402,Côtes de Bordeaux AOP,7DC0F9A5D9E4B615A0C2339AE790E7F6,18/02/2015 13:44:44,€,BEB1FD376CDC6572E2CE8AEDB54F1A6E,546B5E6A6DFE42925B8A87EBCAC1A9CB,55,3159,24935_Lidlfr_promo_3159_14499,Lidl.fr_promo,24935_Lidlfr_promo,24935,http://www.Lidl.fr/fr/moins-cher.htm,-22%,18/02 - 24/02,2.69,
25161_Lidlfr_promo_3159_14499,Nos promos/Moins cher,180 g,Jambon supérieur,25161_Lidlfr_promo,1 kg = 6.61 €,25161_Lidlfr_promo_3159,55,<small class="pricecut" style="                color:#e52031;                            background-color:#ffffff;                            border:1px solid #e52031;            "> -20% <em class="priceold" style="                border-left: 2px solid #e52031;            "> 1.49   <small class="specialdesc" style="                background-color: #e52031;            ">25/02 - 03/03  <strong class="price pricebutton" style="                color:#e52031;            "> € 1.19    180 g  1 kg = 6.61 €,16,1.19,14499,AA17845B1092E3B9E0AFF71E001946D8,Jambon supérieur,C5EB14D9200A1AC5B91AF943E5131EB6,18/02/2015 13:44:44,€,FCAE92C58D90F91C986FB0D3C7225423,A7A6B51B4DA2A493F024AAC42D94C7CD,55,3159,25161_Lidlfr_promo_3159_14499,Lidl.fr_promo,25161_Lidlfr_promo,25161,http://www.Lidl.fr/fr/moins-cher.htm,-20%,25/02 - 03/03,1.49,
25163_Lidlfr_promo_3159_14499,Nos promos/Moins cher,100 g,Jambon de Bayonne IGP,25163_Lidlfr_promo,1 kg = 12.90 €,25163_Lidlfr_promo_3159,55,<small class="pricecut" style="                color:#e52031;                            background-color:#ffffff;                            border:1px solid #e52031;            "> -13% <em class="priceold" style="                border-left: 2px solid #e52031;            "> 1.49   <small class="specialdesc" style="                background-color: #e52031;            ">25/02 - 03/03  <strong class="price pricebutton" style="                color:#e52031;            "> € 1.29    100 g  1 kg = 12.90 €,18,1.29,14499,2E0E11AC8BA8C3C65AF7C9249CEC1C85,Jambon de Bayonne IGP,A399321E492EA8A6B1D26DD811ECAC0C,18/02/2015 13:44:44,€,0093F64BAC8563A252C8938B07C033F1,7E4DDECD5564E9FE8A83E41821797CA3,55,3159,25163_Lidlfr_promo_3159_14499,Lidl.fr_promo,25163_Lidlfr_promo,25163,http://www.Lidl.fr/fr/moins-cher.htm,-13%,25/02 - 03/03,1.49,
25165_Lidlfr_promo_3159_14499,Nos promos/Moins cher,2 x 400 g,Raclette en tranchettes,25165_Lidlfr_promo,1 kg = 5.49 €,25165_Lidlfr_promo_3159,55,<small class="pricecut" style="                color:#e52031;                            background-color:#ffffff;                            border:1px solid #e52031;            "> -17% <em class="priceold" style="                border-left: 2px solid #e52031;            "> 5.29   <small class="specialdesc" style="                background-color: #e52031;            ">25/02 - 03/03  <strong class="price pricebutton" style="                color:#e52031;            "> € 4.39    2 x 400 g  1 kg = 5.49 €,20,4.39,14499,08070F0E248094FDA18E877112E04BD5,Raclette en tranchettes,646E7849647C066B308E7D1714D99792,18/02/2015 13:44:44,€,6E775B94D08B55611BAD9F8E487EBF18,3773B6CF600F775304F7489130B3D7D1,55,3159,25165_Lidlfr_promo_3159_14499,Lidl.fr_promo,25165_Lidlfr_promo,25165,http://www.Lidl.fr/fr/moins-cher.htm,-17%,25/02 - 03/03,5.29,
25167_Lidlfr_promo_3159_14499,Nos promos/Moins cher,250 g,Morbier au lait cru AOP,25167_Lidlfr_promo,1 kg = 6.76 €,25167_Lidlfr_promo_3159,55,<small class="pricecut" style="                color:#e52031;                            background-color:#ffffff;                            border:1px solid #e52031;            "> -21% <em class="priceold" style="                border-left: 2px solid #e52031;            "> 2.15   <small class="specialdesc" style="                background-color: #e52031;            ">25/02 - 03/03  <strong class="price pricebutton" style="                color:#e52031;            "> € 1.69    250 g  1 kg = 6.76 €,22,1.69,14499,EF02DA050CDE2B8991927575E900036D,Morbier au lait cru AOP,BA021595A74F00BAF7C43DCE720F0CD3,18/02/2015 13:44:45,€,2B2A14177E8C0CEAA1737B0CEA63E766,25485DF232E188A3F3E514EE1C9DE020,55,3159,25167_Lidlfr_promo_3159_14499,Lidl.fr_promo,25167_Lidlfr_promo,25167,http://www.Lidl.fr/fr/moins-cher.htm,-21%,25/02 - 03/03,2.15,
24917_Lidlfr_promo_3159_14499,Nos promos/Moins cher,800 g,Pilons de poulet,24917_Lidlfr_promo,1 kg = 3.74 €,24917_Lidlfr_promo_3159,55,<small class="pricecut" style="                color:#e52031;                            background-color:#ffffff;                            border:1px solid #e52031;            "> -18% <em class="priceold" style="                border-left: 2px solid #e52031;            "> 3.69   <small class="specialdesc" style="                background-color: #e52031;            ">18/02 - 24/02  <strong class="price pricebutton" style="                color:#e52031;            "> € 2.99    800 g  1 kg = 3.74 €,1,2.99,14499,E2AFA81B43B2621A06797F0F2706B2A5,Pilons de poulet,A9469A2AA9F5F0306EE84DE82B9FF24E,18/02/2015 13:44:43,€,AAD852875AEE3ED00A4AD9E61873621F,905FB31E485E7F2FAD5CBA1F425D72E6,55,3159,24917_Lidlfr_promo_3159_14499,Lidl.fr_promo,24917_Lidlfr_promo,24917,http://www.Lidl.fr/fr/moins-cher.htm,-18%,18/02 - 24/02,3.69,
24919_Lidlfr_promo_3159_14499,Nos promos/Moins cher,6 x 130 g,6 cheeseburgers au bœuf,24919_Lidlfr_promo,1 kg = 3.83 €,24919_Lidlfr_promo_3159,55,<small class="pricecut" style="                color:#e52031;                            background-color:#ffffff;                            border:1px solid #e52031;            "> -18% <em class="priceold" style="                border-left: 2px solid #e52031;            "> 3.69   <small class="specialdesc" style="                background-color: #e52031;            ">18/02 - 24/02  <strong class="price pricebutton" style="                color:#e52031;            "> € 2.99    6 x 130 g  1 kg = 3.83 €,3,2.99,14499,69149D37C7E6C2F75766303B33B659E6,6 cheeseburgers au bœuf,94FD26D77D9E479855E4454389F2D0B9,18/02/2015 13:44:43,€,535FE77A01B0A024EDF88CF9FF31D37E,3A451D508BE07D684C2FACE70E6ECF9D,55,3159,24919_Lidlfr_promo_3159_14499,Lidl.fr_promo,24919_Lidlfr_promo,24919,http://www.Lidl.fr/fr/moins-cher.htm,-18%,18/02 - 24/02,3.69,
24920_Lidlfr_promo_3159_14499,Nos promos/Moins cher,2 x 150 g au choix,2 cheeseburgers,24920_Lidlfr_promo,1 kg = 5.30 €,24920_Lidlfr_promo_3159,55,<small class="pricecut" style="                color:#e52031;                            background-color:#ffffff;                            border:1px solid #e52031;            "> -20% <em class="priceold" style="                border-left: 2px solid #e52031;            "> 1.99   <small class="specialdesc" style="                background-color: #e52031;            ">18/02 - 24/02  <strong class="price pricebutton" style="                color:#e52031;            "> € 1.59    2 x 150 g au choix  1 kg = 5.30 €,4,1.59,14499,121D366A4863D7DE2B08EA025830272C,2 cheeseburgers,ABB0C8F1A79AB131993242246E749730,18/02/2015 13:44:43,€,223CC7A21384FE9C3DEAA19F1009D828,F00C0EEB95F5A928C3814BC3B3EE962B,55,3159,24920_Lidlfr_promo_3159_14499,Lidl.fr_promo,24920_Lidlfr_promo,24920,http://www.Lidl.fr/fr/moins-cher.htm,-20%,18/02 - 24/02,1.99,
24922_Lidlfr_promo_3159_14499,Nos promos/Moins cher,Soit le lot de 2 x 275 g,Le Rustique camembert,24922_Lidlfr_promo,1 kg = 4.22 €,24922_Lidlfr_promo_3159,55,<small class="pricecut" style="                color:#e52031;                            background-color:#ffffff;                            border:1px solid #e52031;            "> -50% sur le 2ème  <small class="specialdesc" style="                background-color: #e52031;            ">18/02 - 24/02  <strong class="price pricebutton" style="                color:#e52031;            "> € 2.32    Soit le lot de 2 x 275 g  1 kg = 4.22 €,6,2.32,14499,17481297B39A5D04B768C97419A474DD,Le Rustique camembert,BF091B2DEC7A066D1CD083A496348A07,18/02/2015 13:44:43,€,F81312DB698D56C197B1BDC36B57865D,4BADF6FCE1FB568BA4D71E1645E5DA27,55,3159,24922_Lidlfr_promo_3159_14499,Lidl.fr_promo,24922_Lidlfr_promo,24922,http://www.Lidl.fr/fr/moins-cher.htm,-50% sur le 2ème,18/02 - 24/02,,
24931_Lidlfr_promo_3159_14499,Nos promos/Moins cher,4 x 80 g au choix,Mousse liégeoise,24931_Lidlfr_promo,1 kg = 2.47 €,24931_Lidlfr_promo_3159,55,<small class="pricecut" style="                color:#e52031;                            background-color:#ffffff;                            border:1px solid #e52031;            "> -20% <em class="priceold" style="                border-left: 2px solid #e52031;            "> 0.99   <small class="specialdesc" style="                background-color: #e52031;            ">18/02 - 24/02  <strong class="price pricebutton" style="                color:#e52031;            "> € 0.79    4 x 80 g au choix  1 kg = 2.47 €,8,0.79,14499,8AD792E316A56133F68E8493F0CF1D2D,Mousse liégeoise,3A3A5245A3D87D2B169021BE57E50891,18/02/2015 13:44:44,€,658CA55777A7A35D8BF6D50201D853AA,474E406FC68C5E3F0BCE9A7206CDEF5E,55,3159,24931_Lidlfr_promo_3159_14499,Lidl.fr_promo,24931_Lidlfr_promo,24931,http://www.Lidl.fr/fr/moins-cher.htm,-20%,18/02 - 24/02,0.99,
25169_Lidlfr_promo_3159_14499,Nos promos/Moins cher,350 g au choix,Lunettes de Romans,25169_Lidlfr_promo,1 kg = 4.54 €,25169_Lidlfr_promo_3159,55,<small class="pricecut" style="                color:#e52031;                            background-color:#ffffff;                            border:1px solid #e52031;            "> -20% <em class="priceold" style="                border-left: 2px solid #e52031;            "> 1.99   <small class="specialdesc" style="                background-color: #e52031;            ">25/02 - 03/03  <strong class="price pricebutton" style="                color:#e52031;            "> € 1.59    350 g au choix  1 kg = 4.54 €,24,1.59,14499,7622480D02051EE4117E73638419A446,Lunettes de Romans,B9898E90084634EBFC7B35FEC9DDB801,18/02/2015 13:44:45,€,48FEC27FDECF568E91CD145E1EF23841,8DE251FEAE057B8675FB551E684A295C,55,3159,25169_Lidlfr_promo_3159_14499,Lidl.fr_promo,25169_Lidlfr_promo,25169,http://www.Lidl.fr/fr/moins-cher.htm,-20%,25/02 - 03/03,1.99,
25170_Lidlfr_promo_3159_14499,Nos promos/Moins cher,8 x 100 g au choix,Fromage blanc,25170_Lidlfr_promo,1 kg = 1.56 €,25170_Lidlfr_promo_3159,55,<small class="pricecut" style="                color:#e52031;                            background-color:#ffffff;                            border:1px solid #e52031;            "> -19% <em class="priceold" style="                border-left: 2px solid #e52031;            "> 1.55   <small class="specialdesc" style="                background-color: #e52031;            ">25/02 - 03/03  <strong class="price pricebutton" style="                color:#e52031;            "> € 1.25    8 x 100 g au choix  1 kg = 1.56 €,25,1.25,14499,5FD737F1618B4F78172570D6E63444CF,Fromage blanc,EF3AC155B78C55EFCAAA98C0248A086C,18/02/2015 13:44:45,€,B63F18C6747F0EB01A5E57AAB7459DE0,4D70135CF4B09E7B072F9F78863F2600,55,3159,25170_Lidlfr_promo_3159_14499,Lidl.fr_promo,25170_Lidlfr_promo,25170,http://www.Lidl.fr/fr/moins-cher.htm,-19%,25/02 - 03/03,1.55,
25172_Lidlfr_promo_3159_14499,Nos promos/Moins cher,La bouteille de 1 L,Rhum blanc traditionnel des Antilles,25172_Lidlfr_promo,,25172_Lidlfr_promo_3159,55,<small class="pricecut" style="                color:#e52031;                            background-color:#ffffff;                            border:1px solid #e52031;            "> -20% <em class="priceold" style="                border-left: 2px solid #e52031;            "> 14.49   <small class="specialdesc" style="                background-color: #e52031;            ">25/02 - 03/03  <strong class="price pricebutton" style="                color:#e52031;            "> € 11.59    La bouteille de 1 L,27,11.59,14499,CA8A2B29D751296D1F3CC6D429534E23,Rhum blanc traditionnel des Antilles,1BD938596084B5087C2A5A21537EED17,18/02/2015 13:44:45,€,7459AA036A7AE7EE113AB035A83E2689,A2A12471535005FFEF2984CFA21C8EDA,55,3159,25172_Lidlfr_promo_3159_14499,Lidl.fr_promo,25172_Lidlfr_promo,25172,http://www.Lidl.fr/fr/moins-cher.htm,-20%,25/02 - 03/03,14.49,
24982_Lidlfr_promo_3159_14499,Nos promos/Plantes & fleurs,L'unité au choix,Rosier grimpant en motte,24982_Lidlfr_promo,Le 21/02,24982_Lidlfr_promo_3159,58,<strong class="price pricebutton" style="                color:#f05660;            "> € 2.49  L'unité au choix  Le 21/02,3,2.49,14499,03E5F0C008F26E6B209811FEBC2316B5,Rosier grimpant en motte,B74B2628F78C226AAA0EF24C5882C9E0,18/02/2015 13:44:53,€,D5A4DBB14FF90D1A66622B7D59C5509D,E945A4E090CD71ACBF4CFCC6FF54AD9C,55,3159,24982_Lidlfr_promo_3159_14499,Lidl.fr_promo,24982_Lidlfr_promo,24982,http://www.Lidl.fr/fr/plantes-fleurs.htm,,,,
24986_Lidlfr_promo_3159_14499,Nos promos/Plantes & fleurs,L'unité,Narcisses,24986_Lidlfr_promo,Le 23/02,24986_Lidlfr_promo_3159,58,<strong class="price pricebutton" style="                color:#f05660;            "> € 1.29  L'unité  Le 23/02,4,1.29,14499,DF9E31B12B1B5DE2420B0EFD2017E97D,Narcisses,610D79BDA86522DD369282460C35E53E,18/02/2015 13:44:53,€,EAA6F243AF426F298F6C297FCAC89C5E,77B1AE6BE955316D7234F2BC5A409CDD,55,3159,24986_Lidlfr_promo_3159_14499,Lidl.fr_promo,24986_Lidlfr_promo,24986,http://www.Lidl.fr/fr/plantes-fleurs.htm,,,,
25035_Lidlfr_promo_3159_14499,Nos promos/Super samedi,750 g,Paupiettes de porc,25035_Lidlfr_promo,1 kg = 5.32 €,25035_Lidlfr_promo_3159,56,<small class="pricecut" style="                color:#e52031;                            background-color:#ffffff;                            border:1px solid #e52031;            "> -22% <em class="priceold" style="                border-left: 2px solid #e52031;            "> 5.15   <small class="specialdesc" style="                background-color: #e52031;            ">21/02 - 21/02  <strong class="price pricebutton" style="                color:#e52031;            "> € 3.99    750 g  1 kg = 5.32 €,2,3.99,14499,380351962ED7C0BABC6EF876060DB46D,Paupiettes de porc,A66D520FD540BA2AF370ECE3F2C0E05A,18/02/2015 13:44:47,€,EDA1A72579BC7D2EA3D3D514B030DF3F,099E842AF821E68C6B90D20DDCFC0FC8,55,3159,25035_Lidlfr_promo_3159_14499,Lidl.fr_promo,25035_Lidlfr_promo,25035,http://www.Lidl.fr/fr/super-samedi.htm,-22%,21/02 - 21/02,5.15,
25044_Lidlfr_promo_3159_14499,Nos promos/Fruits & légumes,La barquette de 1 kg,Carottes des sables,25044_Lidlfr_promo,,25044_Lidlfr_promo_3159,57,<small class="specialdesc" style="                background-color: #f1830c;            ">18/02 - 21/02  <strong class="price pricebutton" style="                color:#cf6d04;            "> € 1.29    La barquette de 1 kg,4,1.29,14499,B81E4A7A79BFC758E87CFE0AD0F8D53E,Carottes des sables,F40561920E8B705138F4D9C4839C6EC5,18/02/2015 13:44:50,€,E30D2A9C2783451C9981EC71EB009718,BCEA8E33F6A05964BDF4AC26C1AA89CF,55,3159,25044_Lidlfr_promo_3159_14499,Lidl.fr_promo,25044_Lidlfr_promo,25044,http://www.Lidl.fr/fr/fruits-legumes.htm,,18/02 - 21/02,,
24991_Lidlfr_promo_3159_14499,Nos promos/Bonnes affaires,L'unité ou le set au choix,Jeu,24991_Lidlfr_promo,,24991_Lidlfr_promo_3159,59,<small class="specialdesc" style="                background-color: #1f4fb8;            ">19/02 - 19/02  <strong class="price pricebutton" style="                color:#1f4fb8;            "> € 10.99    L'unité ou le set au choix,3,10.99,14499,5DDEF9ECF60D11AED4EFE02018C54709,Jeu,71AA091565B7CD7AE5F139573B6B62C5,18/02/2015 13:45:03,€,E5EA52A845F17E61E9F7FD5951634FC9,4B23F8DC9EB4ED500A662E396908D39B,55,3159,24991_Lidlfr_promo_3159_14499,Lidl.fr_promo,24991_Lidlfr_promo,24991,http://www.Lidl.fr/fr/bonnes-affaires.htm,,19/02 - 19/02,,
25042_Lidlfr_promo_3159_14499,Nos promos/Fruits & légumes,La pièce,Salade iceberg,25042_Lidlfr_promo,,25042_Lidlfr_promo_3159,57,<small class="specialdesc" style="                background-color: #f1830c;            ">18/02 - 21/02  <strong class="price pricebutton" style="                color:#cf6d04;            "> € 0.79    La pièce,2,0.79,14499,00443201F203FFA24938B88DCA970157,Salade iceberg,51A2AC97F1C82F795D8C8A92EE55E0E4,18/02/2015 13:44:49,€,4678A0A2DB8CD2D6EC671C09CEC70936,4F7E82050E79D3F6A24897B6413CB90F,55,3159,25042_Lidlfr_promo_3159_14499,Lidl.fr_promo,25042_Lidlfr_promo,25042,http://www.Lidl.fr/fr/fruits-legumes.htm,,18/02 - 21/02,,
24973_Lidlfr_promo_3159_14499,Nos promos/Plantes & fleurs,L'unité au choix,Plantes vertes,24973_Lidlfr_promo,Le 18/02,24973_Lidlfr_promo_3159,58,<strong class="price pricebutton" style="                color:#f05660;            "> € 21.99  L'unité au choix  Le 18/02,1,21.99,14499,77B241215F5FB61E29B394947EB1BAD0,Plantes vertes,DF968727004A134DF34E9C5A278FBCF5,18/02/2015 13:44:52,€,453100B61AF83B16120ED4EC26930201,47AF7FCA91DD663217384FADCD58C8AB,55,3159,24973_Lidlfr_promo_3159_14499,Lidl.fr_promo,24973_Lidlfr_promo,24973,http://www.Lidl.fr/fr/plantes-fleurs.htm,,,,
24866_Lidlfr_promo_3246_14499,Nos offres/Mercredi 18/02|USA/Mercredi 18/02,450 g,Flips géants,24866_Lidlfr_promo,1 kg = 4.42 €,24866_Lidlfr_promo_3246,63,<strong class="price pricebutton" style="                color:#d83b30;            "> € 1.99  450 g  1 kg = 4.42 €,1,1.99,14499,75CE736F195E0E09E33CE8966E8F5802,Flips géants,63F7C72F21AECD1F0F1AC09275E5509B,18/02/2015 13:45:28,€,5FEC6B41D4B79980323D6DDA3326DC3D,FC524D9465535E3F32C487236668155F,58,3246,24866_Lidlfr_promo_3246_14499,Lidl.fr_promo,24866_Lidlfr_promo,24866,http://www.Lidl.fr/fr/offres-513.htm?id=591,,,,
24868_Lidlfr_promo_3246_14499,Nos offres/Mercredi 18/02|USA/Mercredi 18/02,200 g au choix,Cruspies,24868_Lidlfr_promo,1 kg = 4.45 €,24868_Lidlfr_promo_3246,63,<strong class="price pricebutton" style="                color:#d83b30;            "> € 0.89  200 g au choix  1 kg = 4.45 €,3,0.89,14499,44227BE6553087EE138647BA184C65B7,Cruspies,47EF4927D22CC9BCFBFC37578575149A,18/02/2015 13:45:28,€,2C903631E5386AFD511DA1EA9D34791E,90DA3608667E990227E76560921E5FA7,58,3246,24868_Lidlfr_promo_3246_14499,Lidl.fr_promo,24868_Lidlfr_promo,24868,http://www.Lidl.fr/fr/offres-513.htm?id=591,,,,
24790_Lidlfr_promo_3246_14499,Nos offres/Lundi 16/02|Mode enfant/Lundi 16/02,L'unité au choix,Veste imperméable garçon,24790_Lidlfr_promo,,24790_Lidlfr_promo_3246,61,<strong class="price pricebutton" style="                color:#ee73aa;            "> € 9.99  L'unité au choix,2,9.99,14499,A8B2F7E8E0A51080F80004E7B75F34DA,Veste imperméable garçon,5A1BEFBF506A60D169D76607FAC8179B,18/02/2015 13:45:15,€,4E164E1894AD60E1FE7A16DE2F1D51F7,C573F25877C971C5CA3AA000F1EDCA35,58,3246,24790_Lidlfr_promo_3246_14499,Lidl.fr_promo,24790_Lidlfr_promo,24790,http://www.Lidl.fr/fr/offres-513.htm?id=588,,,,
24792_Lidlfr_promo_3246_14499,Nos offres/Lundi 16/02|Mode enfant/Lundi 16/02,La paire au choix,Chaussettes chaudes fille ou garçon,24792_Lidlfr_promo,,24792_Lidlfr_promo_3246,61,<strong class="price pricebutton" style="                color:#ee73aa;            "> € 1.99  La paire au choix,4,1.99,14499,FCFD99C0E0781189B40B0A50F12E9DB9,Chaussettes chaudes fille ou garçon,9D8908F17043D42C8B5FE6FBA7CED0FF,18/02/2015 13:45:16,€,8BA2CFF35C4869B9D56CF83A5B4A128F,A962A696F2D82CFF7B5425A562468A46,58,3246,24792_Lidlfr_promo_3246_14499,Lidl.fr_promo,24792_Lidlfr_promo,24792,http://www.Lidl.fr/fr/offres-513.htm?id=588,,,,
24758_Lidlfr_promo_3246_14499,Nos offres/Lundi 16/02|Auto/Moto/Lundi 16/02,L'unité au choix,Caleçon technique de moto homme,24758_Lidlfr_promo,,24758_Lidlfr_promo_3246,62,<strong class="price pricebutton" style="                color:#f17230;            "> € 11.99  L'unité au choix,4,11.99,14499,FC9C05DE083CA107D09403273CADB41E,Caleçon technique de moto homme,1162F6B004C53229D7ECCD19FADC7611,18/02/2015 13:45:21,€,08B30C048D9E881337EB925C91167CB2,F6423457AD5DAA885F892D5ABAC69A43,58,3246,24758_Lidlfr_promo_3246_14499,Lidl.fr_promo,24758_Lidlfr_promo,24758,http://www.Lidl.fr/fr/offres-513.htm?id=589,,,,
24761_Lidlfr_promo_3246_14499,Nos offres/Lundi 16/02|Auto/Moto/Lundi 16/02,L'unité,Top case pour scooter,24761_Lidlfr_promo,,24761_Lidlfr_promo_3246,62,<strong class="price pricebutton" style="                color:#f17230;            "> € 29.99  L'unité,6,29.99,14499,7F502620FB0B34204FF6BFB7BB130848,Top case pour scooter,42A9C9E19E0ABD058FE7918B6A15F2CD,18/02/2015 13:45:21,€,EE413A38274B006E81846011DBEFBA4B,C4BD5C1E2AD0C73F8682C1719013B642,58,3246,24761_Lidlfr_promo_3246_14499,Lidl.fr_promo,24761_Lidlfr_promo,24761,http://www.Lidl.fr/fr/offres-513.htm?id=589,,,,
24763_Lidlfr_promo_3246_14499,Nos offres/Lundi 16/02|Auto/Moto/Lundi 16/02,La paire au choix,Lunettes de soleil sport,24763_Lidlfr_promo,,24763_Lidlfr_promo_3246,62,<strong class="price pricebutton" style="                color:#f17230;            "> € 3.99  La paire au choix,8,3.99,14499,CFE0661780F8BB3D8929E7EB750AD581,Lunettes de soleil sport,F3F8093FEF8E8011DCC7A5BDF58E566A,18/02/2015 13:45:22,€,C56BB94DB679BD81AEE04A99766A6EE9,9E8375D4BEA951A9E639CF4FA7EFA3DD,58,3246,24763_Lidlfr_promo_3246_14499,Lidl.fr_promo,24763_Lidlfr_promo,24763,http://www.Lidl.fr/fr/offres-513.htm?id=589,,,,
24765_Lidlfr_promo_3246_14499,Nos offres/Lundi 16/02|Auto/Moto/Lundi 16/02,L'unité,Couvre-selle pour scooter,24765_Lidlfr_promo,,24765_Lidlfr_promo_3246,62,<strong class="price pricebutton" style="                color:#f17230;            "> € 6.99  L'unité,10,6.99,14499,B35290AA7D48EDA8FEC1BCB7997F5881,Couvre-selle pour scooter,AFE73774FF1CEB470FD9891FA1BA9E33,18/02/2015 13:45:22,€,62C4CE1D7FD324FF812E26FB98954368,511A767823E5718ACE2B93439CD79AC2,58,3246,24765_Lidlfr_promo_3246_14499,Lidl.fr_promo,24765_Lidlfr_promo,24765,http://www.Lidl.fr/fr/offres-513.htm?id=589,,,,
24767_Lidlfr_promo_3246_14499,Nos offres/Lundi 16/02|Auto/Moto/Lundi 16/02,Le set,Câbles de démarrage aluminium,24767_Lidlfr_promo,,24767_Lidlfr_promo_3246,62,<strong class="price pricebutton" style="                color:#f17230;            "> € 9.99  Le set,12,9.99,14499,85DB49D16E5DDA6BA964EEB583C9CA2E,Câbles de démarrage aluminium,3B640B17ABE3D8801241C17422C5E708,18/02/2015 13:45:23,€,A39BFBFD1B1AB8375126D9102B24735E,8158A29C3B5E8D4E8D591D607CFE77B0,58,3246,24767_Lidlfr_promo_3246_14499,Lidl.fr_promo,24767_Lidlfr_promo,24767,http://www.Lidl.fr/fr/offres-513.htm?id=589,,,,
24769_Lidlfr_promo_3246_14499,Nos offres/Lundi 16/02|Auto/Moto/Lundi 16/02,L'unité,Protège pare-brise,24769_Lidlfr_promo,,24769_Lidlfr_promo_3246,62,<strong class="price pricebutton" style="                color:#f17230;            "> € 1.99  L'unité,14,1.99,14499,1016AB8C711CD94605566A9C1F8D61F8,Protège pare-brise,919D8D9344656AE7E489D6CBC48E5543,18/02/2015 13:45:23,€,04CBE52A734C6AB2585AE1A44E0DDF56,C113616DEDB792F022356B9A8295C00D,58,3246,24769_Lidlfr_promo_3246_14499,Lidl.fr_promo,24769_Lidlfr_promo,24769,http://www.Lidl.fr/fr/offres-513.htm?id=589,,,,
24993_Lidlfr_promo_3159_14499,Nos promos/Bonnes affaires,L'unité ou le set au choix,Jouets d'extérieur,24993_Lidlfr_promo,,24993_Lidlfr_promo_3159,59,<small class="specialdesc" style="                background-color: #1f4fb8;            ">19/02 - 19/02  <strong class="price pricebutton" style="                color:#1f4fb8;            "> € 1.99    L'unité ou le set au choix,5,1.99,14499,B1103BFC1D454B41E8837ABA503F452E,Jouets d'extérieur,35F5C51CB509DCB2450B0DAE7AEB18F6,18/02/2015 13:45:04,€,662ABAF62FAEF82EF9C6DB35A65ED46B,ECC8647B514CB6AE769B6AF99410A092,55,3159,24993_Lidlfr_promo_3159_14499,Lidl.fr_promo,24993_Lidlfr_promo,24993,http://www.Lidl.fr/fr/bonnes-affaires.htm,,19/02 - 19/02,,
24770_Lidlfr_promo_3246_14499,Nos offres/Lundi 16/02|Auto/Moto/Lundi 16/02,L'unité au choix,Réhausseur de siège enfant gr. 2/3,24770_Lidlfr_promo,,24770_Lidlfr_promo_3246,62,<strong class="price pricebutton" style="                color:#f17230;            "> € 11.99  L'unité au choix,15,11.99,14499,30C7F19D7A8824901B6490F15B01608F,Réhausseur de siège enfant gr. 2/3,89918F11F97E454809F7E11A28CDCBF1,18/02/2015 13:45:23,€,915A3C6AB8A947EBB5281A61AEE582AD,9C677BD9EAD4EA4926C59A7D0467881D,58,3246,24770_Lidlfr_promo_3246_14499,Lidl.fr_promo,24770_Lidlfr_promo,24770,http://www.Lidl.fr/fr/offres-513.htm?id=589,,,,
24789_Lidlfr_promo_3246_14499,Nos offres/Lundi 16/02|Mode enfant/Lundi 16/02,La paire au choix,Bottes de pluie enfant,24789_Lidlfr_promo,,24789_Lidlfr_promo_3246,61,<strong class="price pricebutton" style="                color:#ee73aa;            "> € 9.99*  La paire au choix,1,9.99,14499,466FA431B04ADC4F270ECE5623BC69CD,Bottes de pluie enfant,71B62A691719860EF535DC2E71C2BF3C,18/02/2015 13:45:15,€,3CA8E5DA9D8D8651BF76BD6351547A19,414E181C908E9B035425E6C057C288E5,58,3246,24789_Lidlfr_promo_3246_14499,Lidl.fr_promo,24789_Lidlfr_promo,24789,http://www.Lidl.fr/fr/offres-513.htm?id=588,,,,
24756_Lidlfr_promo_3246_14499,Nos offres/Lundi 16/02|Auto/Moto/Lundi 16/02,L'unité,Atlas routier,24756_Lidlfr_promo,,24756_Lidlfr_promo_3246,62,<strong class="price pricebutton" style="                color:#f17230;            "> € 4.99  L'unité,2,4.99,14499,C66B9E5B7D1D2357A845DFA37C28DBC0,Atlas routier,C7832332195470516204B0705C64E3B0,18/02/2015 13:45:20,€,DB055FB30CE3765489EB414A106EF9A6,2CA59FD9C3117F138E722E13597F2B0B,58,3246,24756_Lidlfr_promo_3246_14499,Lidl.fr_promo,24756_Lidlfr_promo,24756,http://www.Lidl.fr/fr/offres-513.htm?id=589,,,,
24871_Lidlfr_promo_3246_14499,Nos offres/Mercredi 18/02|USA/Mercredi 18/02,500 g,Filets de poulet panés,24871_Lidlfr_promo,1 kg = 6.58 €,24871_Lidlfr_promo_3246,63,<strong class="price pricebutton" style="                color:#d83b30;            "> € 3.29  500 g  1 kg = 6.58 €,6,3.29,14499,C1354A0B0EC0EF1D9B09F5F75E1E714F,Filets de poulet panés,DF7DACFA6088C98D6A8164A4DB927B76,18/02/2015 13:45:29,€,122D14695F45CBAAA12484C5B6D23A58,4D57C8AC8153E8565A307084434A7355,58,3246,24871_Lidlfr_promo_3246_14499,Lidl.fr_promo,24871_Lidlfr_promo,24871,http://www.Lidl.fr/fr/offres-513.htm?id=591,,,,
24769_Lidlfr_promo_3246_14499,Nos offres/Lundi 16/02|Auto/Moto/Lundi 16/02,L'unité,Protège pare-brise,24769_Lidlfr_promo,,24769_Lidlfr_promo_3246,62,<strong class="price pricebutton" style="                color:#f17230;            "> € 1.99  L'unité,14,1.99,14499,1016AB8C711CD94605566A9C1F8D61F8,Protège pare-brise,919D8D9344656AE7E489D6CBC48E5543,18/02/2015 13:45:23,€,04CBE52A734C6AB2585AE1A44E0DDF56,C113616DEDB792F022356B9A8295C00D,58,3246,24769_Lidlfr_promo_3246_14499,Lidl.fr_promo,24769_Lidlfr_promo,24769,http://www.Lidl.fr/fr/offres-513.htm?id=589,,,,
24770_Lidlfr_promo_3246_14499,Nos offres/Lundi 16/02|Auto/Moto/Lundi 16/02,L'unité au choix,Réhausseur de siège enfant gr. 2/3,24770_Lidlfr_promo,,24770_Lidlfr_promo_3246,62,<strong class="price pricebutton" style="                color:#f17230;            "> € 11.99  L'unité au choix,15,11.99,14499,30C7F19D7A8824901B6490F15B01608F,Réhausseur de siège enfant gr. 2/3,89918F11F97E454809F7E11A28CDCBF1,18/02/2015 13:45:23,€,915A3C6AB8A947EBB5281A61AEE582AD,9C677BD9EAD4EA4926C59A7D0467881D,58,3246,24770_Lidlfr_promo_3246_14499,Lidl.fr_promo,24770_Lidlfr_promo,24770,http://www.Lidl.fr/fr/offres-513.htm?id=589,,,,
24761_Lidlfr_promo_3246_14499,Nos offres/Lundi 16/02|Auto/Moto/Lundi 16/02,L'unité,Top case pour scooter,24761_Lidlfr_promo,,24761_Lidlfr_promo_3246,62,<strong class="price pricebutton" style="                color:#f17230;            "> € 29.99  L'unité,6,29.99,14499,7F502620FB0B34204FF6BFB7BB130848,Top case pour scooter,42A9C9E19E0ABD058FE7918B6A15F2CD,18/02/2015 13:45:21,€,EE413A38274B006E81846011DBEFBA4B,C4BD5C1E2AD0C73F8682C1719013B642,58,3246,24761_Lidlfr_promo_3246_14499,Lidl.fr_promo,24761_Lidlfr_promo,24761,http://www.Lidl.fr/fr/offres-513.htm?id=589,,,,
24763_Lidlfr_promo_3246_14499,Nos offres/Lundi 16/02|Auto/Moto/Lundi 16/02,La paire au choix,Lunettes de soleil sport,24763_Lidlfr_promo,,24763_Lidlfr_promo_3246,62,<strong class="price pricebutton" style="                color:#f17230;            "> € 3.99  La paire au choix,8,3.99,14499,CFE0661780F8BB3D8929E7EB750AD581,Lunettes de soleil sport,F3F8093FEF8E8011DCC7A5BDF58E566A,18/02/2015 13:45:22,€,C56BB94DB679BD81AEE04A99766A6EE9,9E8375D4BEA951A9E639CF4FA7EFA3DD,58,3246,24763_Lidlfr_promo_3246_14499,Lidl.fr_promo,24763_Lidlfr_promo,24763,http://www.Lidl.fr/fr/offres-513.htm?id=589,,,,
24837_Lidlfr_promo_3246_14499,Nos offres/Jeudi 19/02|Douce nuit/Jeudi 19/02,L'unité,Oreiller ergonomique en microfibre,24837_Lidlfr_promo,,24837_Lidlfr_promo_3246,64,<strong class="price pricebutton" style="                color:#a65c9b;            "> € 8.99  L'unité,3,8.99,14499,16D26546EF541F433C228B4DD5AD3FFA,Oreiller ergonomique en microfibre,3F398BD1CB042E823DFBA32C00BD8F30,18/02/2015 13:45:36,€,941A9297DD5BDB8DF70165A6A99F363F,E75B50AAF9E8125E58481A0CFF44B539,58,3246,24837_Lidlfr_promo_3246_14499,Lidl.fr_promo,24837_Lidlfr_promo,24837,http://www.Lidl.fr/fr/offres-513.htm?id=590,,,,
24840_Lidlfr_promo_3246_14499,Nos offres/Jeudi 19/02|Douce nuit/Jeudi 19/02,L'unité au choix,Couette en microfibre,24840_Lidlfr_promo,,24840_Lidlfr_promo_3246,64,<strong class="price pricebutton" style="                color:#a65c9b;            "> à partir de  € 12.99  L'unité au choix,4,12.99,14499,388E802435DF875E09F17C2830D3E132,Couette en microfibre,B599F6FE858C60383328727DB5E11562,18/02/2015 13:45:37,€,6B7E9FDFF7B3F7FD01C20B724B3C6D74,C32E57398A4A3D95CB29CE12AE30E18F,58,3246,24840_Lidlfr_promo_3246_14499,Lidl.fr_promo,24840_Lidlfr_promo,24840,http://www.Lidl.fr/fr/offres-513.htm?id=590,,,,
24765_Lidlfr_promo_3246_14499,Nos offres/Lundi 16/02|Auto/Moto/Lundi 16/02,L'unité,Couvre-selle pour scooter,24765_Lidlfr_promo,,24765_Lidlfr_promo_3246,62,<strong class="price pricebutton" style="                color:#f17230;            "> € 6.99  L'unité,10,6.99,14499,B35290AA7D48EDA8FEC1BCB7997F5881,Couvre-selle pour scooter,AFE73774FF1CEB470FD9891FA1BA9E33,18/02/2015 13:45:22,€,62C4CE1D7FD324FF812E26FB98954368,511A767823E5718ACE2B93439CD79AC2,58,3246,24765_Lidlfr_promo_3246_14499,Lidl.fr_promo,24765_Lidlfr_promo,24765,http://www.Lidl.fr/fr/offres-513.htm?id=589,,,,
24767_Lidlfr_promo_3246_14499,Nos offres/Lundi 16/02|Auto/Moto/Lundi 16/02,Le set,Câbles de démarrage aluminium,24767_Lidlfr_promo,,24767_Lidlfr_promo_3246,62,<strong class="price pricebutton" style="                color:#f17230;            "> € 9.99  Le set,12,9.99,14499,85DB49D16E5DDA6BA964EEB583C9CA2E,Câbles de démarrage aluminium,3B640B17ABE3D8801241C17422C5E708,18/02/2015 13:45:23,€,A39BFBFD1B1AB8375126D9102B24735E,8158A29C3B5E8D4E8D591D607CFE77B0,58,3246,24767_Lidlfr_promo_3246_14499,Lidl.fr_promo,24767_Lidlfr_promo,24767,http://www.Lidl.fr/fr/offres-513.htm?id=589,,,,
24866_Lidlfr_promo_3246_14499,Nos offres/Mercredi 18/02|USA/Mercredi 18/02,450 g,Flips géants,24866_Lidlfr_promo,1 kg = 4.42 €,24866_Lidlfr_promo_3246,63,<strong class="price pricebutton" style="                color:#d83b30;            "> € 1.99  450 g  1 kg = 4.42 €,1,1.99,14499,75CE736F195E0E09E33CE8966E8F5802,Flips géants,63F7C72F21AECD1F0F1AC09275E5509B,18/02/2015 13:45:28,€,5FEC6B41D4B79980323D6DDA3326DC3D,FC524D9465535E3F32C487236668155F,58,3246,24866_Lidlfr_promo_3246_14499,Lidl.fr_promo,24866_Lidlfr_promo,24866,http://www.Lidl.fr/fr/offres-513.htm?id=591,,,,
25016_Lidlfr_promo_3246_14499,Nos offres/Lundi 23/02|Extérieur/Lundi 23/02,Le pot de 25 L,Gel de protection du bois,25016_Lidlfr_promo,1 L = 3.19 €,25016_Lidlfr_promo_3246,66,<strong class="price pricebutton" style="                color:#4b650d;            "> € 7.99  Le pot de 25 L  1 L = 3.19 €,6,7.99,14499,FB9A25BA2C10024FCCE222BF224FA8EB,Gel de protection du bois,3C30C518B4F7E1E15834E647D476B17E,18/02/2015 13:45:49,€,93ACE2249460F5E6036A0E2847D9BE58,7B080BAC7A1E553D6DA63936A525C619,58,3246,25016_Lidlfr_promo_3246_14499,Lidl.fr_promo,25016_Lidlfr_promo,25016,http://www.Lidl.fr/fr/offres-513.htm?id=594,,,,
25018_Lidlfr_promo_3246_14499,Nos offres/Lundi 23/02|Extérieur/Lundi 23/02,L'unité ou le set au choix,Accessoire(s) de jardinage,25018_Lidlfr_promo,,25018_Lidlfr_promo_3246,66,<strong class="price pricebutton" style="                color:#4b650d;            "> € 1.99  L'unité ou le set au choix,8,1.99,14499,7A66AED3E1A8AB2D9934B83DA72C3864,Accessoire(s) de jardinage,13F7E98716DB93A70BA00772BEE02CAC,18/02/2015 13:45:50,€,C2264AC725BD6479C3CF18E9ABD6A064,3E70BABF4BCFB88FF496D2F8326BA174,58,3246,25018_Lidlfr_promo_3246_14499,Lidl.fr_promo,25018_Lidlfr_promo,25018,http://www.Lidl.fr/fr/offres-513.htm?id=594,,,,
25021_Lidlfr_promo_3246_14499,Nos offres/Lundi 23/02|Extérieur/Lundi 23/02,L'unité,Sac à végétaux pliable,25021_Lidlfr_promo,,25021_Lidlfr_promo_3246,66,<strong class="price pricebutton" style="                color:#4b650d;            "> € 4.99  L'unité,9,4.99,14499,1EC0F43A4795A9E8131872CADE2DA298,Sac à végétaux pliable,64A71DC18019ABF2A27CCA0B10B721CF,18/02/2015 13:45:50,€,98E54D08097A87CC5B5EA8487DC488FB,4A6691C609E4D04769C91B4B6F2D5358,58,3246,25021_Lidlfr_promo_3246_14499,Lidl.fr_promo,25021_Lidlfr_promo,25021,http://www.Lidl.fr/fr/offres-513.htm?id=594,,,,
24943_Lidlfr_promo_3246_14499,Nos offres/Jeudi 19/02|Maison/Jeudi 19/02,L'unité au choix,Horloge murale rétro,24943_Lidlfr_promo,,24943_Lidlfr_promo_3246,65,<strong class="price pricebutton" style="                color:#f3846a;            "> € 4.99*  L'unité au choix,5,4.99,14499,5446D3A9F8135951E7C1C87CE3137751,Horloge murale rétro,30852CB4C4359CCFA57F90D56DE06BB3,18/02/2015 13:45:43,€,B2437590376617C952178EF47E77FBE4,E6EC91CBA600CA785D5E02BEB0D0C8EB,58,3246,24943_Lidlfr_promo_3246_14499,Lidl.fr_promo,24943_Lidlfr_promo,24943,http://www.Lidl.fr/fr/offres-513.htm?id=592,,,,
24949_Lidlfr_promo_3246_14499,Nos offres/Jeudi 19/02|Maison/Jeudi 19/02,L'unité au choix,Tablier de cuisine,24949_Lidlfr_promo,,24949_Lidlfr_promo_3246,65,<strong class="price pricebutton" style="                color:#f3846a;            "> € 3.99  L'unité au choix,7,3.99,14499,979C77802AED623E9888DB6886021BFD,Tablier de cuisine,34C91B084F3BEB8BEB9DA790DEC28344,18/02/2015 13:45:43,€,7A064EB202B5CBE032DC7B113E32B6DF,2FF9DC13024F20C0D3CF1F9474C5A03F,58,3246,24949_Lidlfr_promo_3246_14499,Lidl.fr_promo,24949_Lidlfr_promo,24949,http://www.Lidl.fr/fr/offres-513.htm?id=592,,,,
24950_Lidlfr_promo_3246_14499,Nos offres/Jeudi 19/02|Maison/Jeudi 19/02,Le set au choix,Gant et manique,24950_Lidlfr_promo,,24950_Lidlfr_promo_3246,65,<strong class="price pricebutton" style="                color:#f3846a;            "> € 2.99  Le set au choix,8,2.99,14499,27C21BD8C93F753FF83A774B03882FFA,Gant et manique,F1D079E9A249542CCEB00E01755BA8F4,18/02/2015 13:45:44,€,736D569BDCB620801C913DAD2B1B7417,EA16C8AD502B00DD6EB031B3FD35D738,58,3246,24950_Lidlfr_promo_3246_14499,Lidl.fr_promo,24950_Lidlfr_promo,24950,http://www.Lidl.fr/fr/offres-513.htm?id=592,,,,
25100_Lidlfr_promo_3246_14499,Nos offres/Mercredi 25/02|Savoie/Mercredi 25/02,2 x 150 g au choix,Feuilletés,25100_Lidlfr_promo,1 kg = 5.97 €,25100_Lidlfr_promo_3246,67,<strong class="price pricebutton" style="                color:#007d9b;            "> € 1.79  2 x 150 g au choix  1 kg = 5.97 €,7,1.79,14499,1D48ED27F959AD21497588BEA2593575,Feuilletés,55B47F467ABD1313035556B3D67BBC12,18/02/2015 13:45:55,€,0BCEB561A4A49F78495ED0C325D4A410,92E84FA86A270EA72D92C0293FD678EE,58,3246,25100_Lidlfr_promo_3246_14499,Lidl.fr_promo,25100_Lidlfr_promo,25100,http://www.Lidl.fr/fr/offres-513.htm?id=596,,,,
25102_Lidlfr_promo_3246_14499,Nos offres/Mercredi 25/02|Savoie/Mercredi 25/02,300 g,Mini délices au beaufort,25102_Lidlfr_promo,1 kg = 4.97 €,25102_Lidlfr_promo_3246,67,<strong class="price pricebutton" style="                color:#007d9b;            "> € 1.49  300 g  1 kg = 4.97 €,9,1.49,14499,5B4AF43745AECBBB20F266382215B83E,Mini délices au beaufort,E9901797C0FF9C3FE91C85587B66A079,18/02/2015 13:45:56,€,92DF890779F47F30EB6A2BA580DCCE20,934AE3FE682FD9B04E9A8B15DD789911,58,3246,25102_Lidlfr_promo_3246_14499,Lidl.fr_promo,25102_Lidlfr_promo,25102,http://www.Lidl.fr/fr/offres-513.htm?id=596,,,,
25012_Lidlfr_promo_3246_14499,Nos offres/Lundi 23/02|Extérieur/Lundi 23/02,Le pot de 750 ml,Peinture pour métaux,25012_Lidlfr_promo,1 L = 7.98 €,25012_Lidlfr_promo_3246,66,<strong class="price pricebutton" style="                color:#4b650d;            "> € 5.99  Le pot de 750 ml  1 L = 7.98 €,2,5.99,14499,1147B6284148FBF54F0283B589FE812E,Peinture pour métaux,0AF09812354A6C184CE4A47FC7CA64CB,18/02/2015 13:45:48,€,3FF5B009BAD7E4175D68223BED7550B0,B71FAF915B91184A5C4DC56C7D6262DA,58,3246,25012_Lidlfr_promo_3246_14499,Lidl.fr_promo,25012_Lidlfr_promo,25012,http://www.Lidl.fr/fr/offres-513.htm?id=594,,,,
25014_Lidlfr_promo_3246_14499,Nos offres/Lundi 23/02|Extérieur/Lundi 23/02,Le pot de 1 L,Peinture blanche express,25014_Lidlfr_promo,,25014_Lidlfr_promo_3246,66,<strong class="price pricebutton" style="                color:#4b650d;            "> € 5.99  Le pot de 1 L,4,5.99,14499,26CFA99510B5CE22D04AF4660985DFC8,Peinture blanche express,9CC760BFEFC8B120A8EA948C9E1F9B47,18/02/2015 13:45:49,€,6565D79201DD2B8FCFD7AD5ADB270664,AD4064ED89C079795893AED6055C1A90,58,3246,25014_Lidlfr_promo_3246_14499,Lidl.fr_promo,25014_Lidlfr_promo,25014,http://www.Lidl.fr/fr/offres-513.htm?id=594,,,,
24846_Lidlfr_promo_3246_14499,Nos offres/Jeudi 19/02|Douce nuit/Jeudi 19/02,L'ensemble au choix,Pyjama femme,24846_Lidlfr_promo,,24846_Lidlfr_promo_3246,64,<strong class="price pricebutton" style="                color:#a65c9b;            "> € 9.99  L'ensemble au choix,6,9.99,14499,8CC9CE6911524144D30972187EAB6BE0,Pyjama femme,BD7974F3E70037442EAD0B4D39863177,18/02/2015 13:45:37,€,20129A15C30568917CAE8B01AFE650AB,3B5D4919C43697E04AE8F965BC07ACD1,58,3246,24846_Lidlfr_promo_3246_14499,Lidl.fr_promo,24846_Lidlfr_promo,24846,http://www.Lidl.fr/fr/offres-513.htm?id=590,,,,
24855_Lidlfr_promo_3246_14499,Nos offres/Jeudi 19/02|Douce nuit/Jeudi 19/02,L'ensemble au choix,Pyjama fille ou garçon,24855_Lidlfr_promo,,24855_Lidlfr_promo_3246,64,<strong class="price pricebutton" style="                color:#a65c9b;            "> € 5.99  L'ensemble au choix,8,5.99,14499,9244CEBD6105E601E070DF17249EE20C,Pyjama fille ou garçon,D825F5B37ABAD3341E61E3856B179257,18/02/2015 13:45:37,€,93AF91DEC9B98203C616C44303388162,28614D9BC22C8A1EC4B6FAFD953EF378,58,3246,24855_Lidlfr_promo_3246_14499,Lidl.fr_promo,24855_Lidlfr_promo,24855,http://www.Lidl.fr/fr/offres-513.htm?id=590,,,,
24945_Lidlfr_promo_3246_14499,Nos offres/Jeudi 19/02|Maison/Jeudi 19/02,L'unité au choix,Mini commode,24945_Lidlfr_promo,,24945_Lidlfr_promo_3246,65,<strong class="price pricebutton" style="                color:#f3846a;            "> € 9.99*  L'unité au choix,2,9.99,14499,98739508E1EEBA6326D0E5CDD3908BBB,Mini commode,BAB2AA57C5E99BAC556C605062EDEBD7,18/02/2015 13:45:42,€,DF6EA2379042CD84416AB34A0D926AC2,E7D849AD71F30E44BED446AC00507F58,58,3246,24945_Lidlfr_promo_3246_14499,Lidl.fr_promo,24945_Lidlfr_promo,24945,http://www.Lidl.fr/fr/offres-513.htm?id=592,,,,
24947_Lidlfr_promo_3246_14499,Nos offres/Jeudi 19/02|Maison/Jeudi 19/02,L'unité au choix,Casier à miniatures,24947_Lidlfr_promo,,24947_Lidlfr_promo_3246,65,<strong class="price pricebutton" style="                color:#f3846a;            "> € 11.99*  L'unité au choix,4,11.99,14499,0A64EE4C558BDD5B6E815B51A89E914F,Casier à miniatures,AB237313FDF9C22DABAE47F4A0605D35,18/02/2015 13:45:43,€,B48C4C146D9A33AD405D016D4E2FAEF9,44AEABC3C16B195BA97B91A17DFD6F05,58,3246,24947_Lidlfr_promo_3246_14499,Lidl.fr_promo,24947_Lidlfr_promo,24947,http://www.Lidl.fr/fr/offres-513.htm?id=592,,,,
25098_Lidlfr_promo_3246_14499,Nos offres/Mercredi 25/02|Savoie/Mercredi 25/02,600 g,Tartiflette au reblochon de Savoie AOP,25098_Lidlfr_promo,1 kg = 7.98 €,25098_Lidlfr_promo_3246,67,<strong class="price pricebutton" style="                color:#007d9b;            "> € 4.79  600 g  1 kg = 7.98 €,5,4.79,14499,FA17EE6B7CF2366C4C7A986B3A0A6A14,Tartiflette au reblochon de Savoie AOP,C077B5325DD2B51C341E8F82C1CBD5A7,18/02/2015 13:45:55,€,F16EC0740E4A3C9E13886E4ACF4C726E,1FE165377D4907F0EA45A5397520B85C,58,3246,25098_Lidlfr_promo_3246_14499,Lidl.fr_promo,25098_Lidlfr_promo,25098,http://www.Lidl.fr/fr/offres-513.htm?id=596,,,,
25096_Lidlfr_promo_3246_14499,Nos offres/Mercredi 25/02|Savoie/Mercredi 25/02,250 g,Saucisson sec au beaufort,25096_Lidlfr_promo,1 kg = 10.36 €,25096_Lidlfr_promo_3246,67,<strong class="price pricebutton" style="                color:#007d9b;            "> € 2.59  250 g  1 kg = 10.36 €,2,2.59,14499,B449CF9B60C91C973A7AC7E543D76E89,Saucisson sec au beaufort,7328F1169E4FC7EBC06E76EF4C14A15C,18/02/2015 13:45:54,€,E73CD69D7B2EDFAD0B0ABF6BE40C5B67,E72F04340BA52EEB59AAC43D472D1D31,58,3246,25096_Lidlfr_promo_3246_14499,Lidl.fr_promo,25096_Lidlfr_promo,25096,http://www.Lidl.fr/fr/offres-513.htm?id=596,,,,
24952_Lidlfr_promo_3246_14499,Nos offres/Jeudi 19/02|Maison/Jeudi 19/02,L'unité au choix,Coussin de chaise,24952_Lidlfr_promo,,24952_Lidlfr_promo_3246,65,<strong class="price pricebutton" style="                color:#f3846a;            "> € 4.99  L'unité au choix,10,4.99,14499,CFCDE28B44ED495CE196D3BC44D073EF,Coussin de chaise,F6086468E9A57BA06C4B749D9959B151,18/02/2015 13:45:44,€,9A1082E2B3FDC4118F742949F0E4006F,C9CE98A38EBB27CCDB0E5083F2CFCDE7,58,3246,24952_Lidlfr_promo_3246_14499,Lidl.fr_promo,24952_Lidlfr_promo,24952,http://www.Lidl.fr/fr/offres-513.htm?id=592,,,,
24923_Lidlfr_promo_3246_14499,Nos promos/Moins cher,6 x 125 g,Yoplait Perle de Lait nature,24923_Lidlfr_promo,1 kg = 2.37 €,24923_Lidlfr_promo_3246,70,<small class="pricecut" style="                color:#e52031;                            background-color:#ffffff;                            border:1px solid #e52031;            "> -20% <em class="priceold" style="                border-left: 2px solid #e52031;            "> 2.23   <small class="specialdesc" style="                background-color: #e52031;            ">18/02 - 24/02  <strong class="price pricebutton" style="                color:#e52031;            "> € 1.78    6 x 125 g  1 kg = 2.37 €,7,1.78,14499,1B5B3ABCC53741D47AD8795682F0BC30,Yoplait Perle de Lait nature,EEBC0D3631B613B78D59E4DBE010346C,18/02/2015 13:46:14,€,D14DE7363CC3B120586E117DC31CE41C,8FB4529686C80D0A7F8442F94024EB9F,58,3246,24923_Lidlfr_promo_3246_14499,Lidl.fr_promo,24923_Lidlfr_promo,24923,http://www.Lidl.fr/fr/moins-cher.htm,-20%,18/02 - 24/02,2.23,
24932_Lidlfr_promo_3246_14499,Nos promos/Moins cher,200 g au choix,Cookies au chocolat,24932_Lidlfr_promo,1 kg = 2.95 €,24932_Lidlfr_promo_3246,70,<small class="pricecut" style="                color:#e52031;                            background-color:#ffffff;                            border:1px solid #e52031;            "> -14% <em class="priceold" style="                border-left: 2px solid #e52031;            "> 0.69   <small class="specialdesc" style="                background-color: #e52031;            ">18/02 - 24/02  <strong class="price pricebutton" style="                color:#e52031;            "> € 0.59    200 g au choix  1 kg = 2.95 €,9,0.59,14499,7BECE1E8D64BBB4460FDCBAA962D91A3,Cookies au chocolat,18707F67F2764F90A4AB9795541B1492,18/02/2015 13:46:15,€,BFEC93E325841C1583037A72D4B1E140,817FA9146E77F93396B5B4A108F58CFA,58,3246,24932_Lidlfr_promo_3246_14499,Lidl.fr_promo,24932_Lidlfr_promo,24932,http://www.Lidl.fr/fr/moins-cher.htm,-14%,18/02 - 24/02,0.69,
24934_Lidlfr_promo_3246_14499,Nos promos/Moins cher,5 x 38 g au choix,Mentos,24934_Lidlfr_promo,1 kg = 7.68 €,24934_Lidlfr_promo_3246,70,<small class="pricecut" style="                color:#e52031;                            background-color:#ffffff;                            border:1px solid #e52031;            "> -30% <em class="priceold" style="                border-left: 2px solid #e52031;            "> 2.09   <small class="specialdesc" style="                background-color: #e52031;            ">18/02 - 24/02  <strong class="price pricebutton" style="                color:#e52031;            "> € 1.46    5 x 38 g au choix  1 kg = 7.68 €,11,1.46,14499,0D2D3D90DB2EAEA362930B63E0E4D106,Mentos,462A77432FF2B605597E1BAEFCE4A189,18/02/2015 13:46:15,€,C9989BE9C3528C9690F5BB040B5104CE,208983B70B0FC2F3844880698AF78A6F,58,3246,24934_Lidlfr_promo_3246_14499,Lidl.fr_promo,24934_Lidlfr_promo,24934,http://www.Lidl.fr/fr/moins-cher.htm,-30%,18/02 - 24/02,2.09,
24936_Lidlfr_promo_3246_14499,Nos promos/Moins cher,Soit le lot de 2 x 25 L,Le Chat Sensitive lessive liquide,24936_Lidlfr_promo,1 L = 2.55 €,24936_Lidlfr_promo_3246,70,<small class="pricecut" style="                color:#e52031;                            background-color:#ffffff;                            border:1px solid #e52031;            "> -50% sur le 2ème  <small class="specialdesc" style="                background-color: #e52031;            ">18/02 - 24/02  <strong class="price pricebutton" style="                color:#e52031;            "> € 12.73     Soit le lot de 2 x 25 L  1 L = 2.55 €,13,12.73,14499,C9FE6C447E8DD44984451FE8142381AF,Le Chat Sensitive lessive liquide,2F03E7D6E592D3FAD74695F21F371CC0,18/02/2015 13:46:15,€,2FE29F5B95E7952DE291CEF09AFF539C,C0C29D6E2DD3F877B24A575D79081598,58,3246,24936_Lidlfr_promo_3246_14499,Lidl.fr_promo,24936_Lidlfr_promo,24936,http://www.Lidl.fr/fr/moins-cher.htm,-50% sur le 2ème,18/02 - 24/02,,
25159_Lidlfr_promo_3246_14499,Nos promos/Moins cher,480 g,4 saucisses de Toulouse,25159_Lidlfr_promo,1 kg = 4.35 €,25159_Lidlfr_promo_3246,70,<small class="pricecut" style="                color:#e52031;                            background-color:#ffffff;                            border:1px solid #e52031;            "> -21% <em class="priceold" style="                border-left: 2px solid #e52031;            "> 2.65   <small class="specialdesc" style="                background-color: #e52031;            ">25/02 - 03/03  <strong class="price pricebutton" style="                color:#e52031;            "> € 2.09    480 g  1 kg = 4.35 €,14,2.09,14499,E73ECEEA94CB88EC1AD17E96EAB6A903,4 saucisses de Toulouse,1936012632A7C3C56B314268D1CF20EC,18/02/2015 13:46:15,€,0BB36B200C7E0EEF56C943E923D320AE,73A28B73543C4FE7C22EF24532315015,58,3246,25159_Lidlfr_promo_3246_14499,Lidl.fr_promo,25159_Lidlfr_promo,25159,http://www.Lidl.fr/fr/moins-cher.htm,-21%,25/02 - 03/03,2.65,
25160_Lidlfr_promo_3246_14499,Nos promos/Moins cher,340 g,4 diots de Savoie fumés,25160_Lidlfr_promo,1 kg = 5.85 €,25160_Lidlfr_promo_3246,70,<small class="pricecut" style="                color:#e52031;                            background-color:#ffffff;                            border:1px solid #e52031;            "> -20% <em class="priceold" style="                border-left: 2px solid #e52031;            "> 2.49   <small class="specialdesc" style="                background-color: #e52031;            ">25/02 - 03/03  <strong class="price pricebutton" style="                color:#e52031;            "> € 1.99    340 g  1 kg = 5.85 €,15,1.99,14499,02C2E2B1D347741983E32B870C0B997C,4 diots de Savoie fumés,C31B529FC80E6B4F5ED9130A74BB8928,18/02/2015 13:46:15,€,1FDF7E6BAB5DB420DFA219DBBFEC3D3C,24D1F9DBB53D751422970F91CAA12DF6,58,3246,25160_Lidlfr_promo_3246_14499,Lidl.fr_promo,25160_Lidlfr_promo,25160,http://www.Lidl.fr/fr/moins-cher.htm,-20%,25/02 - 03/03,2.49,
25162_Lidlfr_promo_3246_14499,Nos promos/Moins cher,225 g,Saucisson sec Label Rouge,25162_Lidlfr_promo,1 kg = 9.73 €,25162_Lidlfr_promo_3246,70,<small class="pricecut" style="                color:#e52031;                            background-color:#ffffff;                            border:1px solid #e52031;            "> -21% <em class="priceold" style="                border-left: 2px solid #e52031;            "> 2.79   <small class="specialdesc" style="                background-color: #e52031;            ">25/02 - 03/03  <strong class="price pricebutton" style="                color:#e52031;            "> € 2.19    225 g  1 kg = 9.73 €,17,2.19,14499,01F8BF5BFBF337AE759977A03444D555,Saucisson sec Label Rouge,AA9D8B2E96AD414FF3C6CA1D87EC119A,18/02/2015 13:46:15,€,845E2E318C7022933ED9EEDC16F8EC5D,53EFC88B91116CC2A1C96CB17DDAC5CF,58,3246,25162_Lidlfr_promo_3246_14499,Lidl.fr_promo,25162_Lidlfr_promo,25162,http://www.Lidl.fr/fr/moins-cher.htm,-21%,25/02 - 03/03,2.79,
25164_Lidlfr_promo_3246_14499,Nos promos/Moins cher,500 g,Feuillantine comtoise,25164_Lidlfr_promo,1 kg = 6.38 €,25164_Lidlfr_promo_3246,70,<small class="pricecut" style="                color:#e52031;                            background-color:#ffffff;                            border:1px solid #e52031;            "> -20% <em class="priceold" style="                border-left: 2px solid #e52031;            "> 3.99   <small class="specialdesc" style="                background-color: #e52031;            ">25/02 - 03/03  <strong class="price pricebutton" style="                color:#e52031;            "> € 3.19    500 g  1 kg = 6.38 €,19,3.19,14499,2EA180BDAA7B303CC171B3C5FCA43ADE,Feuillantine comtoise,E01FF15815D01B36C8478AE95D776E54,18/02/2015 13:46:15,€,B107C9B738E4A6322F40621C3A0C5DEB,7B4D37D410B3B267742787492C5CCA46,58,3246,25164_Lidlfr_promo_3246_14499,Lidl.fr_promo,25164_Lidlfr_promo,25164,http://www.Lidl.fr/fr/moins-cher.htm,-20%,25/02 - 03/03,3.99,
25166_Lidlfr_promo_3246_14499,Nos promos/Moins cher,Le kilo,Cantal entre-deux AOP,25166_Lidlfr_promo,,25166_Lidlfr_promo_3246,70,<small class="pricecut" style="                color:#e52031;                            background-color:#ffffff;                            border:1px solid #e52031;            "> -16% sur prix kilo <em class="priceold" style="                border-left: 2px solid #e52031;            "> 8.30   <small class="specialdesc" style="                background-color: #e52031;            ">25/02 - 03/03  <strong class="price pricebutton" style="                color:#e52031;            "> € 6.89    Le kilo,21,6.89,14499,78AAB42961AFD9E3AFFB800BC062D1FE,Cantal entre-deux AOP,0542081D9CC1F560D51B8D9CC7C418ED,18/02/2015 13:46:15,€,9576F8D31699721F6EFA7F2B5C949DE0,CEACAF9856F429DADABB36E45A45C7E2,58,3246,25166_Lidlfr_promo_3246_14499,Lidl.fr_promo,25166_Lidlfr_promo,25166,http://www.Lidl.fr/fr/moins-cher.htm,-16% sur prix kilo,25/02 - 03/03,8.30,
25168_Lidlfr_promo_3246_14499,Nos promos/Moins cher,250 g,Madeleines,25168_Lidlfr_promo,1 kg = 5.16 €,25168_Lidlfr_promo_3246,70,<small class="pricecut" style="                color:#e52031;                            background-color:#ffffff;                            border:1px solid #e52031;            "> -18% <em class="priceold" style="                border-left: 2px solid #e52031;            "> 1.59   <small class="specialdesc" style="                background-color: #e52031;            ">25/02 - 03/03  <strong class="price pricebutton" style="                color:#e52031;            "> € 1.29    250 g  1 kg = 5.16 €,23,1.29,14499,F884AE2317855C3BB7C974CD74D79618,Madeleines,DA22E89FEF641E8C04A0D5B59125D4FA,18/02/2015 13:46:16,€,A053DB8742E0A6856095DBD5FE731F23,2EED49993F93259B52FE9AD0F9D0C190,58,3246,25168_Lidlfr_promo_3246_14499,Lidl.fr_promo,25168_Lidlfr_promo,25168,http://www.Lidl.fr/fr/moins-cher.htm,-18%,25/02 - 03/03,1.59,
25171_Lidlfr_promo_3246_14499,Nos promos/Moins cher,75 cl,Côtes du Rhône Domaine AOP,25171_Lidlfr_promo,1 L = 2.65 €,25171_Lidlfr_promo_3246,70,<small class="pricecut" style="                color:#e52031;                            background-color:#ffffff;                            border:1px solid #e52031;            "> Moins cher ! <em class="priceold" style="                border-left: 2px solid #e52031;            "> 2.19   <small class="specialdesc" style="                background-color: #e52031;            ">25/02 - 03/03  <strong class="price pricebutton" style="                color:#e52031;            "> € 1.99    75 cl  1 L = 2.65 €,26,1.99,14499,B24A658FE4040F018ADD9E20411C26BC,Côtes du Rhône Domaine AOP,837537811749312EB5F57E538C639E33,18/02/2015 13:46:16,€,571727511D60D1BBBA09BC18E1A24FF5,3F485403B8671C13C3BF51FEE6E02132,58,3246,25171_Lidlfr_promo_3246_14499,Lidl.fr_promo,25171_Lidlfr_promo,25171,http://www.Lidl.fr/fr/moins-cher.htm,Moins cher !,25/02 - 03/03,2.19,
25139_Lidlfr_promo_3246_14499,Nos offres/Mercredi 25/02|Viandes de bœuf/Mercredi 25/02,240 g,Bifteck,25139_Lidlfr_promo,1 kg = 13.54 €,25139_Lidlfr_promo_3246,68,<strong class="price pricebutton" style="                color:#eb212e;            "> € 3.25  240 g  1 kg = 13.54 €,1,3.25,14499,2E3EEE1020B74E07FFB169357EFE904B,Bifteck,E8F1650C00362EDFE0D5E69A937A89B8,18/02/2015 13:46:02,€,BAC4EE15FA43A15819B18DA19AB98B58,077C7FB8FCF33CEC814D0BDE680AA041,58,3246,25139_Lidlfr_promo_3246_14499,Lidl.fr_promo,25139_Lidlfr_promo,25139,http://www.Lidl.fr/fr/offres-513.htm?id=597,,,,
25148_Lidlfr_promo_3246_14499,Nos offres/Mercredi 25/02|Viandes de bœuf/Mercredi 25/02,400 g,4 steaks hachés pur bœuf,25148_Lidlfr_promo,1 kg = 5.98 €,25148_Lidlfr_promo_3246,68,<small class="pricecut" style="                color:#ffffff;                            background-color:#B41E0A;                            border:1px solid #B41E0A;            "> -20% <em class="priceold" style="                border-left: 2px solid #B41E0A;            "> 2.99   <small class="specialdesc" style="                background-color: #B41E0A;            ">18/02 - 03/03  <strong class="price pricebutton" style="                color:#eb212e;            "> € 2.39    400 g  1 kg = 5.98 €,2,2.39,14499,9C6128F46A78D242EEE432DF59C4F219,4 steaks hachés pur bœuf,98BDE0A4B6518C1D672F7E794412E680,18/02/2015 13:46:02,€,F7C040FF0D8BA05CB7A562EEDC74526B,861771F24543EAB4B20BD2E057A44C39,58,3246,25148_Lidlfr_promo_3246_14499,Lidl.fr_promo,25148_Lidlfr_promo,25148,http://www.Lidl.fr/fr/offres-513.htm?id=597,-20%,18/02 - 03/03,2.99,
25140_Lidlfr_promo_3246_14499,Nos offres/Mercredi 25/02|Viandes de bœuf/Mercredi 25/02,170 g,Faux-filet,25140_Lidlfr_promo,1 kg = 17.59 €,25140_Lidlfr_promo_3246,68,<strong class="price pricebutton" style="                color:#eb212e;            "> € 2.99  170 g  1 kg = 17.59 €,3,2.99,14499,5DDB6D696DE47B9B7534A11AB2396128,Faux-filet,5B2A22C994D10F8508E2127331687BF5,18/02/2015 13:46:02,€,0784EB886D0B1F76AFFAA2FA3197DBF7,6CA2A46DDEF1AE69E6F8B205456FD3AE,58,3246,25140_Lidlfr_promo_3246_14499,Lidl.fr_promo,25140_Lidlfr_promo,25140,http://www.Lidl.fr/fr/offres-513.htm?id=597,,,,
24918_Lidlfr_promo_3246_14499,Nos promos/Moins cher,10 x 100 g,10 burgers à l'oignon,24918_Lidlfr_promo,,24918_Lidlfr_promo_3246,70,<small class="pricecut" style="                color:#e52031;                            background-color:#ffffff;                            border:1px solid #e52031;            "> -13% <em class="priceold" style="                border-left: 2px solid #e52031;            "> 3.59   <small class="specialdesc" style="                background-color: #e52031;            ">18/02 - 24/02  <strong class="price pricebutton" style="                color:#e52031;            "> € 3.09    10 x 100 g,2,3.09,14499,71EA4498975C19C94D97632A94530547,10 burgers à l'oignon,FFF19CB20C9B0F3AC26BEFE48386FDF3,18/02/2015 13:46:14,€,052F9B42F70A0425131166705532595B,F1F8D9E8023B645373B6363E6A6EC18C,58,3246,24918_Lidlfr_promo_3246_14499,Lidl.fr_promo,24918_Lidlfr_promo,24918,http://www.Lidl.fr/fr/moins-cher.htm,-13%,18/02 - 24/02,3.59,
24921_Lidlfr_promo_3246_14499,Nos promos/Moins cher,Le sachet de 1 kg,Epinards en branches,24921_Lidlfr_promo,,24921_Lidlfr_promo_3246,70,<small class="pricecut" style="                color:#e52031;                            background-color:#ffffff;                            border:1px solid #e52031;            "> -19% <em class="priceold" style="                border-left: 2px solid #e52031;            "> 0.98   <small class="specialdesc" style="                background-color: #e52031;            ">18/02 - 24/02  <strong class="price pricebutton" style="                color:#e52031;            "> € 0.79    Le sachet de 1 kg,5,0.79,14499,BB1AFBBC3E2CD82812B11AE361EF1E80,Epinards en branches,CEE199EF9CE998AAB376871EF3AE27A2,18/02/2015 13:46:14,€,BE36A4356CD406F703DFED7FAE00C2AC,8EB7BE5A13CC39A3E56B78ABA08B2039,58,3246,24921_Lidlfr_promo_3246_14499,Lidl.fr_promo,24921_Lidlfr_promo,24921,http://www.Lidl.fr/fr/moins-cher.htm,-19%,18/02 - 24/02,0.98,
25104_Lidlfr_promo_3246_14499,Nos offres/Mercredi 25/02|Savoie/Mercredi 25/02,720 g,4 hachés de porc savoyards,25104_Lidlfr_promo,1 kg = 6.93 €,25104_Lidlfr_promo_3246,67,<strong class="price pricebutton" style="                color:#007d9b;            "> € 4.99  720 g  1 kg = 6.93 €,11,4.99,14499,2DAB478724A84CA4F66041099010C253,4 hachés de porc savoyards,2F66C1125047E122C78F864A3D636EEE,18/02/2015 13:45:56,€,2B4A0B33F91AAB28802190ED5BD4A23E,DEBCAF71BEE6F0241371E32F2620B2DD,58,3246,25104_Lidlfr_promo_3246_14499,Lidl.fr_promo,25104_Lidlfr_promo,25104,http://www.Lidl.fr/fr/offres-513.htm?id=596,,,,
25106_Lidlfr_promo_3246_14499,Nos offres/Mercredi 25/02|Savoie/Mercredi 25/02,6 x 125 g,Yaourt de Savoie "Plaisir des Alpes",25106_Lidlfr_promo,1 kg = 2.92 €,25106_Lidlfr_promo_3246,67,<strong class="price pricebutton" style="                color:#007d9b;            "> € 2.19  6 x 125 g  1 kg = 2.92 €,13,2.19,14499,BEBB6C46E59528B5EEEAD71EAF87C6DB,Yaourt de Savoie "Plaisir des Alpes",EF7C91CD756AF7E3191DEC8F85488673,18/02/2015 13:45:57,€,3DB85F659E16BEFC1487BF31A177FB78,7C07C57FDAC8C86EDCA57EFCDC5134A1,58,3246,25106_Lidlfr_promo_3246_14499,Lidl.fr_promo,25106_Lidlfr_promo,25106,http://www.Lidl.fr/fr/offres-513.htm?id=596,,,,
25108_Lidlfr_promo_3246_14499,Nos offres/Mercredi 25/02|Savoie/Mercredi 25/02,75 cl,Vin de Savoie Terroirs d'Exception 2014 AOP,25108_Lidlfr_promo,1 L = 5.32 €,25108_Lidlfr_promo_3246,67,<strong class="price pricebutton" style="                color:#007d9b;            "> € 3.99  75 cl  1 L = 5.32 €,15,3.99,14499,FC497958E88CBF542BD0860F5E328A45,Vin de Savoie Terroirs d'Exception 2014 AOP,44F33485B90A38E1CF8DA315C18D4A51,18/02/2015 13:45:57,€,3BEC5E6FB54FF2CF65E9A2C389E730E8,97D59BBB0FA57E38380BF3415B38B044,58,3246,25108_Lidlfr_promo_3246_14499,Lidl.fr_promo,25108_Lidlfr_promo,25108,http://www.Lidl.fr/fr/offres-513.htm?id=596,,,,
25111_Lidlfr_promo_3246_14499,Nos offres/Mercredi 25/02|Savoie/Mercredi 25/02,400 g,Pralines aux amandes,25111_Lidlfr_promo,1 kg = 7.48 €,25111_Lidlfr_promo_3246,67,<strong class="price pricebutton" style="                color:#007d9b;            "> € 2.99  400 g  1 kg = 7.48 €,18,2.99,14499,6539C55D43797DA54B7D746B5C7AC827,Pralines aux amandes,212B3ECB8ABFB9DD3CBD8D3DD6BAC575,18/02/2015 13:45:58,€,53104FE7A190C00209B74344CC4D73C9,821B7564A31A15C15F5670DE9E5E127D,58,3246,25111_Lidlfr_promo_3246_14499,Lidl.fr_promo,25111_Lidlfr_promo,25111,http://www.Lidl.fr/fr/offres-513.htm?id=596,,,,
25142_Lidlfr_promo_3246_14499,Nos offres/Mercredi 25/02|Viandes de bœuf/Mercredi 25/02,10 x 100 g,10 hachés au bœuf "Le tendre et savoureux",25142_Lidlfr_promo,,25142_Lidlfr_promo_3246,68,<strong class="price pricebutton" style="                color:#eb212e;            "> € 4.89  10 x 100 g,5,4.89,14499,3A14EEC11479106505D394BC73729C63,10 hachés au bœuf "Le tendre et savoureux",C01C932111CB166A63A6F39D62DA1577,18/02/2015 13:46:03,€,F4B380E359A15857F842EC8EA15A8733,9940DC91E5D2185602912EF38945FCEA,58,3246,25142_Lidlfr_promo_3246_14499,Lidl.fr_promo,25142_Lidlfr_promo,25142,http://www.Lidl.fr/fr/offres-513.htm?id=597,,,,
25144_Lidlfr_promo_3246_14499,Nos offres/Mercredi 25/02|Viandes de bœuf/Mercredi 25/02,4 x 100 g,Steak haché pur bœuf,25144_Lidlfr_promo,1 kg = 8.73 €,25144_Lidlfr_promo_3246,68,<strong class="price pricebutton" style="                color:#eb212e;            "> € 3.49  4 x 100 g  1 kg = 8.73 €,7,3.49,14499,FE289A62184C1F5E3652FE11A992D055,Steak haché pur bœuf,0F04100478029470B016F31FD18A3A74,18/02/2015 13:46:03,€,E4A67FE6A9F0599B5F1F1688B12C82BE,208C538E54592A60BDE61D93E10CDE94,58,3246,25144_Lidlfr_promo_3246_14499,Lidl.fr_promo,25144_Lidlfr_promo,25144,http://www.Lidl.fr/fr/offres-513.htm?id=597,,,,
25036_Lidlfr_promo_3246_14499,Nos promos/Super samedi,75 cl,Zinfandel Vin de Californie rosé,25036_Lidlfr_promo,1 L = 1.72 €,25036_Lidlfr_promo_3246,71,<small class="pricecut" style="                color:#e52031;                            background-color:#ffffff;                            border:1px solid #e52031;            "> -50% <em class="priceold" style="                border-left: 2px solid #e52031;            "> 2.59   <small class="specialdesc" style="                background-color: #e52031;            ">21/02 - 21/02  <strong class="price pricebutton" style="                color:#e52031;            "> € 1.29    75 cl  1 L = 1.72 €,1,1.29,14499,9CAA62442A7CC7965124772DA6F2296B,Zinfandel Vin de Californie rosé,6DF24947C38AC5AB39CF4CFEF4481DAA,18/02/2015 13:46:20,€,8D7846C184F302040F1B2181B29E2B42,DA383B7F4FB8B92BB70373274BFA6879,58,3246,25036_Lidlfr_promo_3246_14499,Lidl.fr_promo,25036_Lidlfr_promo,25036,http://www.Lidl.fr/fr/super-samedi.htm,-50%,21/02 - 21/02,2.59,
25146_Lidlfr_promo_3246_14499,Nos offres/Mercredi 25/02|Viandes de bœuf/Mercredi 25/02,800 g,Viande hachée pur bœuf,25146_Lidlfr_promo,1 kg = 6.24 €,25146_Lidlfr_promo_3246,68,<strong class="price pricebutton" style="                color:#eb212e;            "> € 4.99  800 g  1 kg = 6.24 €,9,4.99,14499,B1713CBB8345EAF4E9A08E731E6B739E,Viande hachée pur bœuf,4EF87D34B1798B4B3DB8307238E65E15,18/02/2015 13:46:04,€,A9AA3EE59EB7C45A56D5DF503EF598A4,8C317A7C6C3E9BD6382554CE9F0811AA,58,3246,25146_Lidlfr_promo_3246_14499,Lidl.fr_promo,25146_Lidlfr_promo,25146,http://www.Lidl.fr/fr/offres-513.htm?id=597,,,,
25041_Lidlfr_promo_3246_14499,Nos promos/Fruits & légumes,Le filet de 1 kg,Tomates,25041_Lidlfr_promo,,25041_Lidlfr_promo_3246,72,<small class="specialdesc" style="                background-color: #f1830c;            ">18/02 - 21/02  <strong class="price pricebutton" style="                color:#cf6d04;            "> € 0.99    Le filet de 1 kg,1,0.99,14499,B3C5ED276F9D7F1493AB2E77658B92B8,Tomates,64D4FCFF29A34587BE3D8DE40D073713,18/02/2015 13:46:23,€,4F40D25D1878A3448440E427DE3ECA6F,F0B77BE6BB9550347D8763F2518CB312,58,3246,25041_Lidlfr_promo_3246_14499,Lidl.fr_promo,25041_Lidlfr_promo,25041,http://www.Lidl.fr/fr/fruits-legumes.htm,,18/02 - 21/02,,
25043_Lidlfr_promo_3246_14499,Nos promos/Fruits & légumes,Le filet de 500 g,Oignons rouges,25043_Lidlfr_promo,1 kg = 2.98 €,25043_Lidlfr_promo_3246,72,<small class="specialdesc" style="                background-color: #f1830c;            ">18/02 - 21/02  <strong class="price pricebutton" style="                color:#cf6d04;            "> € 1.49    Le filet de 500 g  1 kg = 2.98 €,3,1.49,14499,AF0D27B2AABD25532583F4EC8394FFB3,Oignons rouges,775974AD5CF613E89E5772FFE6426106,18/02/2015 13:46:23,€,A68C90C2387C3D9E81D61CCEDF95596A,E8F4D8F59F34AC30A908AF58D123135A,58,3246,25043_Lidlfr_promo_3246_14499,Lidl.fr_promo,25043_Lidlfr_promo,25043,http://www.Lidl.fr/fr/fruits-legumes.htm,,18/02 - 21/02,,
24990_Lidlfr_promo_3246_14499,Nos promos/Bonnes affaires,L'unité au choix,Jeu de construction,24990_Lidlfr_promo,,24990_Lidlfr_promo_3246,74,<small class="specialdesc" style="                background-color: #1f4fb8;            ">19/02 - 19/02  <strong class="price pricebutton" style="                color:#1f4fb8;            "> € 7.99    L'unité au choix,2,7.99,14499,236F73BB129F25B0CB70223223B12BA5,Jeu de construction,64BC1329A88E2267700AA2945EEEEA79,18/02/2015 13:46:32,€,8FD54D6A13E88CD1EC89ABCC0D283A33,D2B6D861D66FA14BB7CF8C6112D13E0D,58,3246,24990_Lidlfr_promo_3246_14499,Lidl.fr_promo,24990_Lidlfr_promo,24990,http://www.Lidl.fr/fr/bonnes-affaires.htm,,19/02 - 19/02,,
24992_Lidlfr_promo_3246_14499,Nos promos/Bonnes affaires,L'unité au choix,Voiture télécommandée,24992_Lidlfr_promo,,24992_Lidlfr_promo_3246,74,<small class="specialdesc" style="                background-color: #1f4fb8;            ">19/02 - 19/02  <strong class="price pricebutton" style="                color:#1f4fb8;            "> € 17.99 *   L'unité au choix,4,17.99,14499,88E3BDC448188C614B760E75C86BCFE3,Voiture télécommandée,CF77B8EE70EE9AAC5900E996DF5288D8,18/02/2015 13:46:32,€,F51016307BEC33FAD7018E1C12782204,E809EFCDEDFD3421D6AF8AA39F754F7B,58,3246,24992_Lidlfr_promo_3246_14499,Lidl.fr_promo,24992_Lidlfr_promo,24992,http://www.Lidl.fr/fr/bonnes-affaires.htm,,19/02 - 19/02,,
24755_Lidlfr_promo_1029_14499,Nos offres/Lundi 16/02|Auto/Moto/Lundi 16/02,L'unité au choix,Etui pour GPS ou manchons scooter,24755_Lidlfr_promo,,24755_Lidlfr_promo_1029,77,<strong class="price pricebutton" style="                color:#f17230;            "> € 9.99  L'unité au choix,1,9.99,14499,757DEF678AE091C9EC98E9F75972B931,Etui pour GPS ou manchons scooter,FAD2649FEC0FA86402B39A30DC62AA8E,18/02/2015 13:46:48,€,25DCA84046DE1AAD8E27525B000A0F98,96BC82D11851FAD841C56BAC26D777A6,65,1029,24755_Lidlfr_promo_1029_14499,Lidl.fr_promo,24755_Lidlfr_promo,24755,http://www.Lidl.fr/fr/offres-513.htm?id=589,,,,
24757_Lidlfr_promo_1029_14499,Nos offres/Lundi 16/02|Auto/Moto/Lundi 16/02,L'unité au choix,Maillot technique de moto homme,24757_Lidlfr_promo,,24757_Lidlfr_promo_1029,77,<strong class="price pricebutton" style="                color:#f17230;            "> € 14.99  L'unité au choix,3,14.99,14499,1B145E2EBDCB136FC00500E3C1174F8C,Maillot technique de moto homme,611D4E939C4FFC21C7824D4F26FFF93B,18/02/2015 13:46:48,€,7A83661D977C7FC89D0BA65E6292C3FC,8A4698917FE654CFB25A8BE97C24B4B3,65,1029,24757_Lidlfr_promo_1029_14499,Lidl.fr_promo,24757_Lidlfr_promo,24757,http://www.Lidl.fr/fr/offres-513.htm?id=589,,,,
24760_Lidlfr_promo_1029_14499,Nos offres/Lundi 16/02|Auto/Moto/Lundi 16/02,La paire,Gants de moto,24760_Lidlfr_promo,,24760_Lidlfr_promo_1029,77,<strong class="price pricebutton" style="                color:#f17230;            "> € 19.99  La paire,5,19.99,14499,72D518DF3D9FF3C968C86B14D54558D0,Gants de moto,6F03722D8198BFDF581778F4D1F698FD,18/02/2015 13:46:49,€,7FC287A3FC82B6AA8C97C463DAACA301,6B41F17ABD11BBC46176560B301A4E24,65,1029,24760_Lidlfr_promo_1029_14499,Lidl.fr_promo,24760_Lidlfr_promo,24760,http://www.Lidl.fr/fr/offres-513.htm?id=589,,,,
24762_Lidlfr_promo_1029_14499,Nos offres/Lundi 16/02|Auto/Moto/Lundi 16/02,L'unité,Cagoule moto,24762_Lidlfr_promo,,24762_Lidlfr_promo_1029,77,<strong class="price pricebutton" style="                color:#f17230;            "> € 4.99  L'unité,7,4.99,14499,551105CE5828048CAC5EA8A486AAE3C8,Cagoule moto,08CF525D6597CD2C349CF27C03797CFD,18/02/2015 13:46:49,€,BFD9564E8A3D92B1844AA33BD652BD9E,DCE4D150D598F12D9B87A16283857712,65,1029,24762_Lidlfr_promo_1029_14499,Lidl.fr_promo,24762_Lidlfr_promo,24762,http://www.Lidl.fr/fr/offres-513.htm?id=589,,,,
25047_Lidlfr_promo_3246_14499,Nos promos/Fruits & légumes,Le filet de 25 kg,Pommes de terre rouges,25047_Lidlfr_promo,1 kg = 0.40 €,25047_Lidlfr_promo_3246,72,<small class="specialdesc" style="                background-color: #f1830c;            ">18/02 - 21/02  <strong class="price pricebutton" style="                color:#cf6d04;            "> € 0.99    Le filet de 25 kg  1 kg = 0.40 €,5,0.99,14499,DCC459F5A1FCA514DA0FE164AC745002,Pommes de terre rouges,3F99E4990486B9C47A5AA9A9646147D2,18/02/2015 13:46:24,€,2534E1671F98EE3A7B51DD97B1BAD9E8,4DAAB94B22B63A9E47C1762083A4C9E0,58,3246,25047_Lidlfr_promo_3246_14499,Lidl.fr_promo,25047_Lidlfr_promo,25047,http://www.Lidl.fr/fr/fruits-legumes.htm,,18/02 - 21/02,,
24981_Lidlfr_promo_3246_14499,Nos promos/Bonnes affaires,L'unité au choix,Cadenas,24981_Lidlfr_promo,,24981_Lidlfr_promo_3246,74,<small class="specialdesc" style="                background-color: #1f4fb8;            ">19/02 - 19/02  <strong class="price pricebutton" style="                color:#1f4fb8;            "> € 4.99    L'unité au choix,1,4.99,14499,9AA6F34CDC4C32F13BF251DAB6F54F3C,Cadenas,8F97D26CE3E79148B2B7AC118CF6FBF1,18/02/2015 13:46:32,€,9CAA89B50B451F8D0A07E789A8072B85,9ADBAADF095C8DE0D2D0B53FE92A5DBB,58,3246,24981_Lidlfr_promo_3246_14499,Lidl.fr_promo,24981_Lidlfr_promo,24981,http://www.Lidl.fr/fr/bonnes-affaires.htm,,19/02 - 19/02,,
24793_Lidlfr_promo_1029_14499,Nos offres/Lundi 16/02|Mode enfant/Lundi 16/02,Le lot au choix,2 tee-shirts manches longues fille ou garçon,24793_Lidlfr_promo,,24793_Lidlfr_promo_1029,76,<strong class="price pricebutton" style="                color:#ee73aa;            "> € 3.49  Le lot au choix,5,3.49,14499,FB812EBB66A20A4E8EF413A165C3593A,2 tee-shirts manches longues fille ou garçon,B78F13DC31522DF4BD24531804519441,18/02/2015 13:46:44,€,1AE15B9B545B2F1A3CBFF693F010DADE,FDB2B215ACA454782C69BC1EE9A85D81,65,1029,24793_Lidlfr_promo_1029_14499,Lidl.fr_promo,24793_Lidlfr_promo,24793,http://www.Lidl.fr/fr/offres-513.htm?id=588,,,,
24974_Lidlfr_promo_3246_14499,Nos promos/Plantes & fleurs,La barquette de 10 plans,Primevère acaulis,24974_Lidlfr_promo,Le 18/02,24974_Lidlfr_promo_3246,73,<strong class="price pricebutton" style="                color:#f05660;            "> € 2.49  La barquette de 10 plans  Le 18/02,2,2.49,14499,803217FCA54B74A204BD3902B3C021BF,Primevère acaulis,E6DF9F9EF36193B596E0FFE81F7A27E3,18/02/2015 13:46:28,€,AFF9769270C10029CF1DDF252A03B3A7,F138E593207A9B63CE9A539AA94337BC,58,3246,24974_Lidlfr_promo_3246_14499,Lidl.fr_promo,24974_Lidlfr_promo,24974,http://www.Lidl.fr/fr/plantes-fleurs.htm,,,,
24791_Lidlfr_promo_1029_14499,Nos offres/Lundi 16/02|Mode enfant/Lundi 16/02,L'unité au choix,Veste imperméable fille,24791_Lidlfr_promo,,24791_Lidlfr_promo_1029,76,<strong class="price pricebutton" style="                color:#ee73aa;            "> € 9.99  L'unité au choix,3,9.99,14499,A3174B0429A75D7D038971C8AB266A12,Veste imperméable fille,CB24F174C76D4669997E447FBED0A5AA,18/02/2015 13:46:44,€,86BEC904CE9A2FEA21EEBDCF653EE336,2933FEB99140863146F78CA650897C2F,65,1029,24791_Lidlfr_promo_1029_14499,Lidl.fr_promo,24791_Lidlfr_promo,24791,http://www.Lidl.fr/fr/offres-513.htm?id=588,,,,
24869_Lidlfr_promo_1029_14499,Nos offres/Mercredi 18/02|USA/Mercredi 18/02,480/490/500 ml au choix,Sauce,24869_Lidlfr_promo,1 L = 3.10 €,24869_Lidlfr_promo_1029,78,<strong class="price pricebutton" style="                color:#d83b30;            "> € 1.49  480/490/500 ml au choix  1 L = 3.10 €,4,1.49,14499,287B805F7C2564A1070061BB00695E79,Sauce,40B594B029C9B840E26AE457FE5162D5,18/02/2015 13:46:56,€,741A6AD824FEEE30D3FF36941F5F31EE,CEC819FA603E0B3F17E6AEAF4A6E6890,65,1029,24869_Lidlfr_promo_1029_14499,Lidl.fr_promo,24869_Lidlfr_promo,24869,http://www.Lidl.fr/fr/offres-513.htm?id=591,,,,
24870_Lidlfr_promo_1029_14499,Nos offres/Mercredi 18/02|USA/Mercredi 18/02,400 g (PNE),Cornichons tranchés,24870_Lidlfr_promo,1 kg = 3.73 €,24870_Lidlfr_promo_1029,78,<strong class="price pricebutton" style="                color:#d83b30;            "> € 1.49  400 g (PNE)  1 kg = 3.73 €,5,1.49,14499,FCF74CCD0088FF5C7A1AD530C219490E,Cornichons tranchés,4BCDA32F843967CE467BE8B26FE29BD0,18/02/2015 13:46:56,€,1BE26FB93C5A84180F3ED4BD77713C10,8AC8AB5790BE587836C18B1E2184BAC0,65,1029,24870_Lidlfr_promo_1029_14499,Lidl.fr_promo,24870_Lidlfr_promo,24870,http://www.Lidl.fr/fr/offres-513.htm?id=591,,,,
24872_Lidlfr_promo_1029_14499,Nos offres/Mercredi 18/02|USA/Mercredi 18/02,500 g au choix,Spare ribs (travers de porc),24872_Lidlfr_promo,1 kg = 6.98 €,24872_Lidlfr_promo_1029,78,<strong class="price pricebutton" style="                color:#d83b30;            "> € 3.49  500 g au choix  1 kg = 6.98 €,7,3.49,14499,A11AFA0709EF52CB0023DF67674C7578,Spare ribs (travers de porc),757F2D0105DBCE6803D7CE314DFC6821,18/02/2015 13:46:57,€,4E31723C4641002B5EF8C9B311F130FE,B6E61F3A46000AF53590F293DCF35C20,65,1029,24872_Lidlfr_promo_1029_14499,Lidl.fr_promo,24872_Lidlfr_promo,24872,http://www.Lidl.fr/fr/offres-513.htm?id=591,,,,
24876_Lidlfr_promo_1029_14499,Nos offres/Mercredi 18/02|USA/Mercredi 18/02,200 g,Préparation pour pancakes,24876_Lidlfr_promo,1 kg = 6.45 €,24876_Lidlfr_promo_1029,78,<strong class="price pricebutton" style="                color:#d83b30;            "> € 1.29  200 g  1 kg = 6.45 €,12,1.29,14499,15760803F05A86F2F782709737225DAD,Préparation pour pancakes,0570CA309FE45B43B0B4DD05E54CAD2C,18/02/2015 13:46:58,€,8D50F2CBE71BA7636186AF4797AB37EE,E04F87E54CA47E7AAC0FDE5F55A2B928,65,1029,24876_Lidlfr_promo_1029_14499,Lidl.fr_promo,24876_Lidlfr_promo,24876,http://www.Lidl.fr/fr/offres-513.htm?id=591,,,,
24878_Lidlfr_promo_1029_14499,Nos offres/Mercredi 18/02|USA/Mercredi 18/02,300 g,6 pancakes,24878_Lidlfr_promo,1 kg = 5.30 €,24878_Lidlfr_promo_1029,78,<strong class="price pricebutton" style="                color:#d83b30;            "> € 1.59  300 g  1 kg = 5.30 €,14,1.59,14499,39A227E823C6C016913580FDF977E3C8,6 pancakes,14EAC00F4882693CBF812BD0C6CFD054,18/02/2015 13:46:58,€,1A6D8CEAB8C0DF1FA190616CE76923A9,519FAB1C21E011CB83230C17046B5CF2,65,1029,24878_Lidlfr_promo_1029_14499,Lidl.fr_promo,24878_Lidlfr_promo,24878,http://www.Lidl.fr/fr/offres-513.htm?id=591,,,,
24836_Lidlfr_promo_1029_14499,Nos offres/Jeudi 19/02|Douce nuit/Jeudi 19/02,L'unité,Coussin en microfibre,24836_Lidlfr_promo,,24836_Lidlfr_promo_1029,79,<strong class="price pricebutton" style="                color:#a65c9b;            "> € 8.99  L'unité,2,8.99,14499,201F70778F5BC24C0BE89A76D83D7E77,Coussin en microfibre,8873900C036837AA072474B10C64C8CD,18/02/2015 13:47:03,€,67715BA47C6123CE17B324E2D3E41F91,BD44F20EE6AC130433C642094CECD336,65,1029,24836_Lidlfr_promo_1029_14499,Lidl.fr_promo,24836_Lidlfr_promo,24836,http://www.Lidl.fr/fr/offres-513.htm?id=590,,,,
24845_Lidlfr_promo_1029_14499,Nos offres/Jeudi 19/02|Douce nuit/Jeudi 19/02,L'unité au choix,Drap-housse en jersey,24845_Lidlfr_promo,,24845_Lidlfr_promo_1029,79,<strong class="price pricebutton" style="                color:#a65c9b;            "> à partir de  € 5.99  L'unité au choix,5,5.99,14499,757D15BF82CD331E8B8EC09F47FEE82E,Drap-housse en jersey,B4266ADB3E41D5F411FF15E334000F18,18/02/2015 13:47:04,€,3E71B0238B091A919B2E14F4F3AC6B3E,FB8AF9B1003EAAF5C36F2F065DA4FCA0,65,1029,24845_Lidlfr_promo_1029_14499,Lidl.fr_promo,24845_Lidlfr_promo,24845,http://www.Lidl.fr/fr/offres-513.htm?id=590,,,,
24764_Lidlfr_promo_1029_14499,Nos offres/Lundi 16/02|Auto/Moto/Lundi 16/02,L'unité,Ceinture lombaire,24764_Lidlfr_promo,,24764_Lidlfr_promo_1029,77,<strong class="price pricebutton" style="                color:#f17230;            "> € 4.99  L'unité,9,4.99,14499,DFEEA130B2B3DCA1D4D52EF9F2D4D9E3,Ceinture lombaire,8FCF3C1A043C9794F5284CA8321DCA98,18/02/2015 13:46:50,€,5F68C54A23B8DD88C381B0D4B76DEB15,44B8B1B5C2C259DF31D9D9B0F53BE68B,65,1029,24764_Lidlfr_promo_1029_14499,Lidl.fr_promo,24764_Lidlfr_promo,24764,http://www.Lidl.fr/fr/offres-513.htm?id=589,,,,
24766_Lidlfr_promo_1029_14499,Nos offres/Lundi 16/02|Auto/Moto/Lundi 16/02,La paire au choix,Chaussettes de moto,24766_Lidlfr_promo,,24766_Lidlfr_promo_1029,77,<strong class="price pricebutton" style="                color:#f17230;            "> € 2.99  La paire au choix,11,2.99,14499,A2818279F29CBA4AF8201613E3A799C2,Chaussettes de moto,393ECE59891349803F4FFF629FCCCD62,18/02/2015 13:46:50,€,86327A2B8A00C81B0342399FA0A7FB2E,4527D8D0B1692F0BFD2480464BB20457,65,1029,24766_Lidlfr_promo_1029_14499,Lidl.fr_promo,24766_Lidlfr_promo,24766,http://www.Lidl.fr/fr/offres-513.htm?id=589,,,,
24874_Lidlfr_promo_1029_14499,Nos offres/Mercredi 18/02|USA/Mercredi 18/02,420/438/450 g au choix,Crème glacée,24874_Lidlfr_promo,1 kg = 6.40 €,24874_Lidlfr_promo_1029,78,<strong class="price pricebutton" style="                color:#d83b30;            "> € 2.69  420/438/450 g au choix  1 kg = 6.40 €,11,2.69,14499,25F31E71CA324FAAB35CDF368E58A90F,Crème glacée,102254CCF5ECB4CA9548BFBCE9E0A43F,18/02/2015 13:46:58,€,B292CDA98C35167842A72F5C0D6943CA,AA08CAA980FEA246EBCFF950B4EAE2E7,65,1029,24874_Lidlfr_promo_1029_14499,Lidl.fr_promo,24874_Lidlfr_promo,24874,http://www.Lidl.fr/fr/offres-513.htm?id=591,,,,
24881_Lidlfr_promo_1029_14499,Nos offres/Mercredi 18/02|USA/Mercredi 18/02,454 g au choix,Beurre de cacahuète,24881_Lidlfr_promo,1 kg = 5.70 €,24881_Lidlfr_promo_1029,78,<strong class="price pricebutton" style="                color:#d83b30;            "> € 2.59  454 g au choix  1 kg = 5.70 €,17,2.59,14499,1C699B1B2FB3F45D26D8AA3D1B68C578,Beurre de cacahuète,48145A07B4B1F242DAECE60CF0F89EAF,18/02/2015 13:46:59,€,1C409B1FEF1B312E59264749406278B5,D0A194DC29EE00D2F22EF573F2D7097F,65,1029,24881_Lidlfr_promo_1029_14499,Lidl.fr_promo,24881_Lidlfr_promo,24881,http://www.Lidl.fr/fr/offres-513.htm?id=591,,,,
24832_Lidlfr_promo_1029_14499,Nos offres/Jeudi 19/02|Douce nuit/Jeudi 19/02,La parure au choix,Parure de lit en coton renforcé,24832_Lidlfr_promo,,24832_Lidlfr_promo_1029,79,<strong class="price pricebutton" style="                color:#a65c9b;            "> à partir de  € 11.99  La parure au choix,1,11.99,14499,732CD9DCF1D6AC835A83301146A14E2A,Parure de lit en coton renforcé,CF4626EACCFFE134EB8DBE048E586D94,18/02/2015 13:47:03,€,C78685DF2378BBD8B851B59FF8200A67,659F7811510C2A2B265A09A56095C702,65,1029,24832_Lidlfr_promo_1029_14499,Lidl.fr_promo,24832_Lidlfr_promo,24832,http://www.Lidl.fr/fr/offres-513.htm?id=590,,,,
24867_Lidlfr_promo_1029_14499,Nos offres/Mercredi 18/02|USA/Mercredi 18/02,200 g,Chips goût barbecue,24867_Lidlfr_promo,1 kg = 4.95 €,24867_Lidlfr_promo_1029,78,<strong class="price pricebutton" style="                color:#d83b30;            "> € 0.99  200 g  1 kg = 4.95 €,2,0.99,14499,324158FC1BEF0BE782A8BD32B13CEDB7,Chips goût barbecue,4C33A36D297851E5064CD4E6DA24E6EF,18/02/2015 13:46:55,€,B3B615680DA0D96CA4789923B86180FA,CBEC56EA8D7B1D9787F7C1297488C798,65,1029,24867_Lidlfr_promo_1029_14499,Lidl.fr_promo,24867_Lidlfr_promo,24867,http://www.Lidl.fr/fr/offres-513.htm?id=591,,,,
24768_Lidlfr_promo_1029_14499,Nos offres/Lundi 16/02|Auto/Moto/Lundi 16/02,L'unité,Galerie porte-bagages en aluminium,24768_Lidlfr_promo,,24768_Lidlfr_promo_1029,77,<strong class="price pricebutton" style="                color:#f17230;            "> € 34.99  L'unité,13,34.99,14499,11FA63F75DCEF42480C4D81334E39F12,Galerie porte-bagages en aluminium,64ABA1589F6BD62080CA785A6BE45068,18/02/2015 13:46:51,€,C044C479377D79614F2C2F1B5AF860EF,B073CE3B662C38AB02C8FD02CE384A44,65,1029,24768_Lidlfr_promo_1029_14499,Lidl.fr_promo,24768_Lidlfr_promo,24768,http://www.Lidl.fr/fr/offres-513.htm?id=589,,,,
25095_Lidlfr_promo_1029_14499,Nos offres/Mercredi 25/02|Savoie/Mercredi 25/02,3 x 180 g,Assortiment de 3 terrines savoyardes,25095_Lidlfr_promo,1 kg = 4.61 €,25095_Lidlfr_promo_1029,82,<strong class="price pricebutton" style="                color:#007d9b;            "> € 2.49  3 x 180 g  1 kg = 4.61 €,1,2.49,14499,959A6977DB6BA4B53BF16AC5F23901E0,Assortiment de 3 terrines savoyardes,2E0ACD168E3CB47927737F2111C23815,18/02/2015 13:47:19,€,F94436068BF3DC4432D455E74E0E43A3,875FFA7F896A4DA039E296E2D1F54937,65,1029,25095_Lidlfr_promo_1029_14499,Lidl.fr_promo,25095_Lidlfr_promo,25095,http://www.Lidl.fr/fr/offres-513.htm?id=596,,,,
25097_Lidlfr_promo_1029_14499,Nos offres/Mercredi 25/02|Savoie/Mercredi 25/02,600 g,Crozets au beaufort AOP et mini diots,25097_Lidlfr_promo,1 kg = 8.82 €,25097_Lidlfr_promo_1029,82,<strong class="price pricebutton" style="                color:#007d9b;            "> € 5.29  600 g  1 kg = 8.82 €,3,5.29,14499,78F449D8B9B640AF4D540CA3393F7E3C,Crozets au beaufort AOP et mini diots,71643B2E5B19ECFAB908BF41ACB1B07C,18/02/2015 13:47:19,€,6D286EFA9845659F997F52A86587CB1B,233E90F3F8794E85BC244BE259A99724,65,1029,25097_Lidlfr_promo_1029_14499,Lidl.fr_promo,25097_Lidlfr_promo,25097,http://www.Lidl.fr/fr/offres-513.htm?id=596,,,,
25112_Lidlfr_promo_1029_14499,Nos offres/Mercredi 25/02|Savoie/Mercredi 25/02,600 g,Gratin savoyard au beaufort AOP et mini diots,25112_Lidlfr_promo,1 kg = 8.32 €,25112_Lidlfr_promo_1029,82,<strong class="price pricebutton" style="                color:#007d9b;            "> € 4.99  600 g  1 kg = 8.32 €,4,4.99,14499,50AE4B3AE29D36F38E2566DE5BC15CA3,Gratin savoyard au beaufort AOP et mini diots,749B1471B583D546D00473F26A5E5011,18/02/2015 13:47:20,€,248C1856C10683D0C5283C9CF8EAA68E,F02E21C27440AEF2E5C495CE615279E3,65,1029,25112_Lidlfr_promo_1029_14499,Lidl.fr_promo,25112_Lidlfr_promo,25112,http://www.Lidl.fr/fr/offres-513.htm?id=596,,,,
24847_Lidlfr_promo_1029_14499,Nos offres/Jeudi 19/02|Douce nuit/Jeudi 19/02,L'ensemble au choix,Pyjama homme,24847_Lidlfr_promo,,24847_Lidlfr_promo_1029,79,<strong class="price pricebutton" style="                color:#a65c9b;            "> € 9.99  L'ensemble au choix,7,9.99,14499,1D339B0311A10653DCFE4B3DBB6A4F24,Pyjama homme,BE321656F99D48804A6CE8FE185C3D30,18/02/2015 13:47:04,€,132B7BE2A0D1F08D86F326E14030FC94,0743832AD29F3A3EE0F01243AABBC3B8,65,1029,24847_Lidlfr_promo_1029_14499,Lidl.fr_promo,24847_Lidlfr_promo,24847,http://www.Lidl.fr/fr/offres-513.htm?id=590,,,,
24861_Lidlfr_promo_1029_14499,Nos offres/Jeudi 19/02|Douce nuit/Jeudi 19/02,L'unité au choix,Lampe halogène à pince,24861_Lidlfr_promo,,24861_Lidlfr_promo_1029,79,<strong class="price pricebutton" style="                color:#a65c9b;            "> € 5.99  L'unité au choix,9,5.99,14499,56CEC8B7309F8D033E5153557413A3C8,Lampe halogène à pince,D86D192F5442E5ACE1D6F22759F4F081,18/02/2015 13:47:05,€,785BF7307FE327B7C9091B76F9AC5E7F,4EE81D87959972EC4F7D90FAE46639F5,65,1029,24861_Lidlfr_promo_1029_14499,Lidl.fr_promo,24861_Lidlfr_promo,24861,http://www.Lidl.fr/fr/offres-513.htm?id=590,,,,
24863_Lidlfr_promo_1029_14499,Nos offres/Jeudi 19/02|Douce nuit/Jeudi 19/02,La paire au choix,Lunettes pliables avec étui,24863_Lidlfr_promo,,24863_Lidlfr_promo_1029,79,<strong class="price pricebutton" style="                color:#a65c9b;            "> € 3.49  La paire au choix,10,3.49,14499,FC73D134E638DFB2A01F4E2D4B1FCD4D,Lunettes pliables avec étui,8F725E546F8177BD3F462F0824B83ED6,18/02/2015 13:47:05,€,8928A20995CD3141F4E315376B17AAD3,66A733FEBE222A5F3AE377F413C19305,65,1029,24863_Lidlfr_promo_1029_14499,Lidl.fr_promo,24863_Lidlfr_promo,24863,http://www.Lidl.fr/fr/offres-513.htm?id=590,,,,
25013_Lidlfr_promo_1029_14499,Nos offres/Lundi 23/02|Extérieur/Lundi 23/02,Le pot de 5 L,Lasure déco longue durée,25013_Lidlfr_promo,1 L = 2.59 €,25013_Lidlfr_promo_1029,81,<strong class="price pricebutton" style="                color:#4b650d;            "> € 12.99  Le pot de 5 L  1 L = 2.59 €,3,12.99,14499,29A5B314A169C686578D6DB70D085FF2,Lasure déco longue durée,39F6B5EC5229209BC02CEBBAA25D3D43,18/02/2015 13:47:14,€,10F40C8E03DF80F9942EA5599E55AAF2,7DAC0F8F86AFC0DB7F7854D370346127,65,1029,25013_Lidlfr_promo_1029_14499,Lidl.fr_promo,25013_Lidlfr_promo,25013,http://www.Lidl.fr/fr/offres-513.htm?id=594,,,,
25015_Lidlfr_promo_1029_14499,Nos offres/Lundi 23/02|Extérieur/Lundi 23/02,Le set au choix,Set de pinceaux,25015_Lidlfr_promo,,25015_Lidlfr_promo_1029,81,<strong class="price pricebutton" style="                color:#4b650d;            "> € 7.99  Le set au choix,5,7.99,14499,90E795C57E39768FC257ED2097F19CC0,Set de pinceaux,85199650D995C956F8D5116C4687749E,18/02/2015 13:47:14,€,25C6AA79BFC81A4491C9B8CE8EEB7775,05204FDF0A9A07A4EAC25EC99AF7AE24,65,1029,25015_Lidlfr_promo_1029_14499,Lidl.fr_promo,25015_Lidlfr_promo,25015,http://www.Lidl.fr/fr/offres-513.htm?id=594,,,,
25017_Lidlfr_promo_1029_14499,Nos offres/Lundi 23/02|Extérieur/Lundi 23/02,L'unité,Pulvérisateur à pression,25017_Lidlfr_promo,,25017_Lidlfr_promo_1029,81,<strong class="price pricebutton" style="                color:#4b650d;            "> € 3.99  L'unité,7,3.99,14499,F67C5529EAAE30C012301FAD5CBAA27C,Pulvérisateur à pression,5B09015129FF7454AC8BBAFD246B4A5D,18/02/2015 13:47:15,€,621C0CC08135CB0BDB3BFE2A87D9ECAE,DB4AF40394D17C2399D9B2BECF0A961D,65,1029,25017_Lidlfr_promo_1029_14499,Lidl.fr_promo,25017_Lidlfr_promo,25017,http://www.Lidl.fr/fr/offres-513.htm?id=594,,,,
25019_Lidlfr_promo_1029_14499,Nos offres/Lundi 23/02|Extérieur/Lundi 23/02,L'unité au choix,Jardinière avec niveau d'eau,25019_Lidlfr_promo,,25019_Lidlfr_promo_1029,81,<strong class="price pricebutton" style="                color:#4b650d;            "> à partir de  € 4.99  L'unité au choix,10,4.99,14499,DF383F1C110F67D15BBF65FDC0EE7306,Jardinière avec niveau d'eau,BD0EB1DBE197502FE3301EF4CB9585F5,18/02/2015 13:47:15,€,FD326A0D33D21894B83A81E0206281E6,112473807DF45853E16204788CE21E2C,65,1029,25019_Lidlfr_promo_1029_14499,Lidl.fr_promo,25019_Lidlfr_promo,25019,http://www.Lidl.fr/fr/offres-513.htm?id=594,,,,
24944_Lidlfr_promo_1029_14499,Nos offres/Jeudi 19/02|Maison/Jeudi 19/02,L'unité au choix,Mini commode,24944_Lidlfr_promo,,24944_Lidlfr_promo_1029,80,<strong class="price pricebutton" style="                color:#f3846a;            "> € 14.99*  L'unité au choix,1,14.99,14499,521BD149204CCDCD154698B806C7DE8C,Mini commode,1054EFCBD583F902F06F2EEB1FA02062,18/02/2015 13:47:08,€,C177E94FE5A7E9A826CB6B3334C8E1CE,4EA59864816087BB60D6E5680C047A5E,65,1029,24944_Lidlfr_promo_1029_14499,Lidl.fr_promo,24944_Lidlfr_promo,24944,http://www.Lidl.fr/fr/offres-513.htm?id=592,,,,
24946_Lidlfr_promo_1029_14499,Nos offres/Jeudi 19/02|Maison/Jeudi 19/02,Le lot au choix,4 boutons de meuble,24946_Lidlfr_promo,,24946_Lidlfr_promo_1029,80,<strong class="price pricebutton" style="                color:#f3846a;            "> € 3.99*  Le lot au choix,3,3.99,14499,5BF96FE7A5AEF8C93763054BD75CEEA3,4 boutons de meuble,28D985080D56064B48F019783308F205,18/02/2015 13:47:08,€,7274291545AB3B485CDEB5DCCE86F588,52AC89F6FD092A77578033A1B21594FF,65,1029,24946_Lidlfr_promo_1029_14499,Lidl.fr_promo,24946_Lidlfr_promo,24946,http://www.Lidl.fr/fr/offres-513.htm?id=592,,,,
24951_Lidlfr_promo_1029_14499,Nos offres/Jeudi 19/02|Maison/Jeudi 19/02,L'unité au choix,Coussin,24951_Lidlfr_promo,,24951_Lidlfr_promo_1029,80,<strong class="price pricebutton" style="                color:#f3846a;            "> € 4.99  L'unité au choix,9,4.99,14499,D7B65F415935B4C6E8FC46C1D513C9AF,Coussin,16C8EC2C8F4DA41FF8302F681C75545D,18/02/2015 13:47:10,€,9A21828869CC4F1EA43BF4D858A660C8,493733B1EA397D196293BBF12B839A4F,65,1029,24951_Lidlfr_promo_1029_14499,Lidl.fr_promo,24951_Lidlfr_promo,24951,http://www.Lidl.fr/fr/offres-513.htm?id=592,,,,
24953_Lidlfr_promo_1029_14499,Nos offres/Jeudi 19/02|Maison/Jeudi 19/02,Le lot au choix,2 sets de table,24953_Lidlfr_promo,,24953_Lidlfr_promo_1029,80,<strong class="price pricebutton" style="                color:#f3846a;            "> € 2.99  Le lot au choix,11,2.99,14499,C187C295D50FEE21F9F053E69D7C9FEB,2 sets de table,9038217AC7C590AB32A79F3D8CD127D6,18/02/2015 13:47:10,€,F3A3D586C1767391F806A0396612B385,ABC8818C03E3574658E1A5DD95D2FF8D,65,1029,24953_Lidlfr_promo_1029_14499,Lidl.fr_promo,24953_Lidlfr_promo,24953,http://www.Lidl.fr/fr/offres-513.htm?id=592,,,,
25011_Lidlfr_promo_1029_14499,Nos offres/Lundi 23/02|Extérieur/Lundi 23/02,L'aérosol de 400 ml,Peinture de protection pour métaux,25011_Lidlfr_promo,1 L = 7.47 €,25011_Lidlfr_promo_1029,81,<strong class="price pricebutton" style="                color:#4b650d;            "> € 2.99  L'aérosol de 400 ml  1 L = 7.47 €,1,2.99,14499,88D6E70BCF3AD2B32B0599B306168897,Peinture de protection pour métaux,462415CA874E8439850FCB8680DEAF02,18/02/2015 13:47:13,€,3A1BA2A846267A4916D33252DE755703,68E3BF852693AD8A72F32FDFE50DC6D4,65,1029,25011_Lidlfr_promo_1029_14499,Lidl.fr_promo,25011_Lidlfr_promo,25011,http://www.Lidl.fr/fr/offres-513.htm?id=594,,,,
24948_Lidlfr_promo_1029_14499,Nos offres/Jeudi 19/02|Maison/Jeudi 19/02,Le lot ou l'unité au choix,Accessoire(s) de décoration,24948_Lidlfr_promo,,24948_Lidlfr_promo_1029,80,<strong class="price pricebutton" style="                color:#f3846a;            "> € 2.99  Le lot ou l'unité au choix,6,2.99,14499,EFCC13E7D52FA89A702DD787F5A7D3BB,Accessoire(s) de décoration,E558ED93D98E71706AA389B5C8E4FC57,18/02/2015 13:47:09,€,E8AA246350FEF4012FA0D5630D6173EE,4579B0511A0E6319628FFC17CC6B3998,65,1029,24948_Lidlfr_promo_1029_14499,Lidl.fr_promo,24948_Lidlfr_promo,24948,http://www.Lidl.fr/fr/offres-513.htm?id=592,,,,
25020_Lidlfr_promo_1029_14499,Nos offres/Lundi 23/02|Extérieur/Lundi 23/02,L'unité au choix,Paillasson,25020_Lidlfr_promo,,25020_Lidlfr_promo_1029,81,<strong class="price pricebutton" style="                color:#4b650d;            "> € 2.99  L'unité au choix,11,2.99,14499,57F8CFCAC28C6E89F2EDAC948239AA40,Paillasson,1AEBC60CEDE2F815A3495F80FAEB31C1,18/02/2015 13:47:16,€,83564A3D2D6871BC486F9832904DB373,39E947EB63C8BAC0A911B23AC881C9BB,65,1029,25020_Lidlfr_promo_1029_14499,Lidl.fr_promo,25020_Lidlfr_promo,25020,http://www.Lidl.fr/fr/offres-513.htm?id=594,,,,
24917_Lidlfr_promo_1029_14499,Nos promos/Moins cher,800 g,Pilons de poulet,24917_Lidlfr_promo,1 kg = 3.74 €,24917_Lidlfr_promo_1029,85,<small class="pricecut" style="                color:#e52031;                            background-color:#ffffff;                            border:1px solid #e52031;            "> -18% <em class="priceold" style="                border-left: 2px solid #e52031;            "> 3.69   <small class="specialdesc" style="                background-color: #e52031;            ">18/02 - 24/02  <strong class="price pricebutton" style="                color:#e52031;            "> € 2.99    800 g  1 kg = 3.74 €,1,2.99,14499,E2AFA81B43B2621A06797F0F2706B2A5,Pilons de poulet,3CD90029F453CBCD4040008765090F4D,18/02/2015 13:47:37,€,17A4145B8427D4D0A62CE4D1F842AFE9,905FB31E485E7F2FAD5CBA1F425D72E6,65,1029,24917_Lidlfr_promo_1029_14499,Lidl.fr_promo,24917_Lidlfr_promo,24917,http://www.Lidl.fr/fr/moins-cher.htm,-18%,18/02 - 24/02,3.69,
24919_Lidlfr_promo_1029_14499,Nos promos/Moins cher,6 x 130 g,6 cheeseburgers au bœuf,24919_Lidlfr_promo,1 kg = 3.83 €,24919_Lidlfr_promo_1029,85,<small class="pricecut" style="                color:#e52031;                            background-color:#ffffff;                            border:1px solid #e52031;            "> -18% <em class="priceold" style="                border-left: 2px solid #e52031;            "> 3.69   <small class="specialdesc" style="                background-color: #e52031;            ">18/02 - 24/02  <strong class="price pricebutton" style="                color:#e52031;            "> € 2.99    6 x 130 g  1 kg = 3.83 €,3,2.99,14499,69149D37C7E6C2F75766303B33B659E6,6 cheeseburgers au bœuf,ABF65025B188407ECF46005ADE12234E,18/02/2015 13:47:37,€,69611DB0A4FB92679C06F5F35ABB8895,3A451D508BE07D684C2FACE70E6ECF9D,65,1029,24919_Lidlfr_promo_1029_14499,Lidl.fr_promo,24919_Lidlfr_promo,24919,http://www.Lidl.fr/fr/moins-cher.htm,-18%,18/02 - 24/02,3.69,
24920_Lidlfr_promo_1029_14499,Nos promos/Moins cher,2 x 150 g au choix,2 cheeseburgers,24920_Lidlfr_promo,1 kg = 5.30 €,24920_Lidlfr_promo_1029,85,<small class="pricecut" style="                color:#e52031;                            background-color:#ffffff;                            border:1px solid #e52031;            "> -20% <em class="priceold" style="                border-left: 2px solid #e52031;            "> 1.99   <small class="specialdesc" style="                background-color: #e52031;            ">18/02 - 24/02  <strong class="price pricebutton" style="                color:#e52031;            "> € 1.59    2 x 150 g au choix  1 kg = 5.30 €,4,1.59,14499,121D366A4863D7DE2B08EA025830272C,2 cheeseburgers,57EAAC8A763BF92CE2076B11939EB800,18/02/2015 13:47:37,€,F8E136EBFCFE0C8B8A43AC8E8D5D52F4,F00C0EEB95F5A928C3814BC3B3EE962B,65,1029,24920_Lidlfr_promo_1029_14499,Lidl.fr_promo,24920_Lidlfr_promo,24920,http://www.Lidl.fr/fr/moins-cher.htm,-20%,18/02 - 24/02,1.99,
24922_Lidlfr_promo_1029_14499,Nos promos/Moins cher,Soit le lot de 2 x 275 g,Le Rustique camembert,24922_Lidlfr_promo,1 kg = 4.22 €,24922_Lidlfr_promo_1029,85,<small class="pricecut" style="                color:#e52031;                            background-color:#ffffff;                            border:1px solid #e52031;            "> -50% sur le 2ème  <small class="specialdesc" style="                background-color: #e52031;            ">18/02 - 24/02  <strong class="price pricebutton" style="                color:#e52031;            "> € 2.32    Soit le lot de 2 x 275 g  1 kg = 4.22 €,6,2.32,14499,17481297B39A5D04B768C97419A474DD,Le Rustique camembert,1E5BAEFF119DCBB1EC41CB44C1A03377,18/02/2015 13:47:37,€,383D0303447B25E6000C27AD049A0278,4BADF6FCE1FB568BA4D71E1645E5DA27,65,1029,24922_Lidlfr_promo_1029_14499,Lidl.fr_promo,24922_Lidlfr_promo,24922,http://www.Lidl.fr/fr/moins-cher.htm,-50% sur le 2ème,18/02 - 24/02,,
24931_Lidlfr_promo_1029_14499,Nos promos/Moins cher,4 x 80 g au choix,Mousse liégeoise,24931_Lidlfr_promo,1 kg = 2.47 €,24931_Lidlfr_promo_1029,85,<small class="pricecut" style="                color:#e52031;                            background-color:#ffffff;                            border:1px solid #e52031;            "> -20% <em class="priceold" style="                border-left: 2px solid #e52031;            "> 0.99   <small class="specialdesc" style="                background-color: #e52031;            ">18/02 - 24/02  <strong class="price pricebutton" style="                color:#e52031;            "> € 0.79    4 x 80 g au choix  1 kg = 2.47 €,8,0.79,14499,8AD792E316A56133F68E8493F0CF1D2D,Mousse liégeoise,B3D665D0E0ED205AC676A4061E09F879,18/02/2015 13:47:37,€,E4D5CD8986F04B454B9E2023088E5796,474E406FC68C5E3F0BCE9A7206CDEF5E,65,1029,24931_Lidlfr_promo_1029_14499,Lidl.fr_promo,24931_Lidlfr_promo,24931,http://www.Lidl.fr/fr/moins-cher.htm,-20%,18/02 - 24/02,0.99,
24933_Lidlfr_promo_1029_14499,Nos promos/Moins cher,La bouteille de 1 L,Pur jus de 4 agrumes,24933_Lidlfr_promo,,24933_Lidlfr_promo_1029,85,<small class="pricecut" style="                color:#e52031;                            background-color:#ffffff;                            border:1px solid #e52031;            "> -20% <em class="priceold" style="                border-left: 2px solid #e52031;            "> 0.99   <small class="specialdesc" style="                background-color: #e52031;            ">18/02 - 24/02  <strong class="price pricebutton" style="                color:#e52031;            "> € 0.79    La bouteille de 1 L,10,0.79,14499,000D562AFB77B582CA15F738F4F353F6,Pur jus de 4 agrumes,AA606A8902D45612365A57C3FCE4F8E9,18/02/2015 13:47:37,€,ADAC68FB56F821BE08B6D3C66F5B580D,942DAAC277DACED487D09DDCBE753D73,65,1029,24933_Lidlfr_promo_1029_14499,Lidl.fr_promo,24933_Lidlfr_promo,24933,http://www.Lidl.fr/fr/moins-cher.htm,-20%,18/02 - 24/02,0.99,
24935_Lidlfr_promo_1029_14499,Nos promos/Moins cher,75 cl,Côtes de Bordeaux AOP,24935_Lidlfr_promo,1 L = 2.79 €,24935_Lidlfr_promo_1029,85,<small class="pricecut" style="                color:#e52031;                            background-color:#ffffff;                            border:1px solid #e52031;            "> -22% <em class="priceold" style="                border-left: 2px solid #e52031;            "> 2.69   <small class="specialdesc" style="                background-color: #e52031;            ">18/02 - 24/02  <strong class="price pricebutton" style="                color:#e52031;            "> € 2.09    75 cl  1 L = 2.79 €,12,2.09,14499,57094FABF183A9D10DDA4D23E5755402,Côtes de Bordeaux AOP,95506954325B7900449F6974221ECBB9,18/02/2015 13:47:38,€,2F1F37A33DEA6BDD0FFDCAF8F94CD26B,546B5E6A6DFE42925B8A87EBCAC1A9CB,65,1029,24935_Lidlfr_promo_1029_14499,Lidl.fr_promo,24935_Lidlfr_promo,24935,http://www.Lidl.fr/fr/moins-cher.htm,-22%,18/02 - 24/02,2.69,
25161_Lidlfr_promo_1029_14499,Nos promos/Moins cher,180 g,Jambon supérieur,25161_Lidlfr_promo,1 kg = 6.61 €,25161_Lidlfr_promo_1029,85,<small class="pricecut" style="                color:#e52031;                            background-color:#ffffff;                            border:1px solid #e52031;            "> -20% <em class="priceold" style="                border-left: 2px solid #e52031;            "> 1.49   <small class="specialdesc" style="                background-color: #e52031;            ">25/02 - 03/03  <strong class="price pricebutton" style="                color:#e52031;            "> € 1.19    180 g  1 kg = 6.61 €,16,1.19,14499,AA17845B1092E3B9E0AFF71E001946D8,Jambon supérieur,5538A3E3B6402C9A1711EC24F80EDC59,18/02/2015 13:47:38,€,1E879903DD0C1D5BD3AE3E2FC96D1F02,A7A6B51B4DA2A493F024AAC42D94C7CD,65,1029,25161_Lidlfr_promo_1029_14499,Lidl.fr_promo,25161_Lidlfr_promo,25161,http://www.Lidl.fr/fr/moins-cher.htm,-20%,25/02 - 03/03,1.49,
25163_Lidlfr_promo_1029_14499,Nos promos/Moins cher,100 g,Jambon de Bayonne IGP,25163_Lidlfr_promo,1 kg = 12.90 €,25163_Lidlfr_promo_1029,85,<small class="pricecut" style="                color:#e52031;                            background-color:#ffffff;                            border:1px solid #e52031;            "> -13% <em class="priceold" style="                border-left: 2px solid #e52031;            "> 1.49   <small class="specialdesc" style="                background-color: #e52031;            ">25/02 - 03/03  <strong class="price pricebutton" style="                color:#e52031;            "> € 1.29    100 g  1 kg = 12.90 €,18,1.29,14499,2E0E11AC8BA8C3C65AF7C9249CEC1C85,Jambon de Bayonne IGP,A59027D1E503E461826D4E623CD04D19,18/02/2015 13:47:38,€,E4E2481058F87010BBEB76DE23C150ED,7E4DDECD5564E9FE8A83E41821797CA3,65,1029,25163_Lidlfr_promo_1029_14499,Lidl.fr_promo,25163_Lidlfr_promo,25163,http://www.Lidl.fr/fr/moins-cher.htm,-13%,25/02 - 03/03,1.49,
25165_Lidlfr_promo_1029_14499,Nos promos/Moins cher,2 x 400 g,Raclette en tranchettes,25165_Lidlfr_promo,1 kg = 5.49 €,25165_Lidlfr_promo_1029,85,<small class="pricecut" style="                color:#e52031;                            background-color:#ffffff;                            border:1px solid #e52031;            "> -17% <em class="priceold" style="                border-left: 2px solid #e52031;            "> 5.29   <small class="specialdesc" style="                background-color: #e52031;            ">25/02 - 03/03  <strong class="price pricebutton" style="                color:#e52031;            "> € 4.39    2 x 400 g  1 kg = 5.49 €,20,4.39,14499,08070F0E248094FDA18E877112E04BD5,Raclette en tranchettes,27A974D2A726C20BA7DB9F332C13DC49,18/02/2015 13:47:38,€,117F643B8287495BDEE6019A4B2B70C7,3773B6CF600F775304F7489130B3D7D1,65,1029,25165_Lidlfr_promo_1029_14499,Lidl.fr_promo,25165_Lidlfr_promo,25165,http://www.Lidl.fr/fr/moins-cher.htm,-17%,25/02 - 03/03,5.29,
25167_Lidlfr_promo_1029_14499,Nos promos/Moins cher,250 g,Morbier au lait cru AOP,25167_Lidlfr_promo,1 kg = 6.76 €,25167_Lidlfr_promo_1029,85,<small class="pricecut" style="                color:#e52031;                            background-color:#ffffff;                            border:1px solid #e52031;            "> -21% <em class="priceold" style="                border-left: 2px solid #e52031;            "> 2.15   <small class="specialdesc" style="                background-color: #e52031;            ">25/02 - 03/03  <strong class="price pricebutton" style="                color:#e52031;            "> € 1.69    250 g  1 kg = 6.76 €,22,1.69,14499,EF02DA050CDE2B8991927575E900036D,Morbier au lait cru AOP,79F5B8CAF2198F603588C17C9673A0D4,18/02/2015 13:47:38,€,F2359F715E583EAD3D0617E05039D8ED,25485DF232E188A3F3E514EE1C9DE020,65,1029,25167_Lidlfr_promo_1029_14499,Lidl.fr_promo,25167_Lidlfr_promo,25167,http://www.Lidl.fr/fr/moins-cher.htm,-21%,25/02 - 03/03,2.15,
25169_Lidlfr_promo_1029_14499,Nos promos/Moins cher,350 g au choix,Lunettes de Romans,25169_Lidlfr_promo,1 kg = 4.54 €,25169_Lidlfr_promo_1029,85,<small class="pricecut" style="                color:#e52031;                            background-color:#ffffff;                            border:1px solid #e52031;            "> -20% <em class="priceold" style="                border-left: 2px solid #e52031;            "> 1.99   <small class="specialdesc" style="                background-color: #e52031;            ">25/02 - 03/03  <strong class="price pricebutton" style="                color:#e52031;            "> € 1.59    350 g au choix  1 kg = 4.54 €,24,1.59,14499,7622480D02051EE4117E73638419A446,Lunettes de Romans,322FDC26488D781FBC5B3F34447CB954,18/02/2015 13:47:38,€,4C9C9BAA9CEC225AC1B2D5878B37B34E,8DE251FEAE057B8675FB551E684A295C,65,1029,25169_Lidlfr_promo_1029_14499,Lidl.fr_promo,25169_Lidlfr_promo,25169,http://www.Lidl.fr/fr/moins-cher.htm,-20%,25/02 - 03/03,1.99,
25170_Lidlfr_promo_1029_14499,Nos promos/Moins cher,8 x 100 g au choix,Fromage blanc,25170_Lidlfr_promo,1 kg = 1.56 €,25170_Lidlfr_promo_1029,85,<small class="pricecut" style="                color:#e52031;                            background-color:#ffffff;                            border:1px solid #e52031;            "> -19% <em class="priceold" style="                border-left: 2px solid #e52031;            "> 1.55   <small class="specialdesc" style="                background-color: #e52031;            ">25/02 - 03/03  <strong class="price pricebutton" style="                color:#e52031;            "> € 1.25    8 x 100 g au choix  1 kg = 1.56 €,25,1.25,14499,5FD737F1618B4F78172570D6E63444CF,Fromage blanc,CF28F632ECAD01C1E45807E457B61D44,18/02/2015 13:47:38,€,5D4D268E656553C5C390A85D91DCAD31,4D70135CF4B09E7B072F9F78863F2600,65,1029,25170_Lidlfr_promo_1029_14499,Lidl.fr_promo,25170_Lidlfr_promo,25170,http://www.Lidl.fr/fr/moins-cher.htm,-19%,25/02 - 03/03,1.55,
25172_Lidlfr_promo_1029_14499,Nos promos/Moins cher,La bouteille de 1 L,Rhum blanc traditionnel des Antilles,25172_Lidlfr_promo,,25172_Lidlfr_promo_1029,85,<small class="pricecut" style="                color:#e52031;                            background-color:#ffffff;                            border:1px solid #e52031;            "> -20% <em class="priceold" style="                border-left: 2px solid #e52031;            "> 14.49   <small class="specialdesc" style="                background-color: #e52031;            ">25/02 - 03/03  <strong class="price pricebutton" style="                color:#e52031;            "> € 11.59    La bouteille de 1 L,27,11.59,14499,CA8A2B29D751296D1F3CC6D429534E23,Rhum blanc traditionnel des Antilles,ECEA9722F597F2DFD358C54550877344,18/02/2015 13:47:39,€,89363CE8B58A32D2A9D79A5E242AEEDB,A2A12471535005FFEF2984CFA21C8EDA,65,1029,25172_Lidlfr_promo_1029_14499,Lidl.fr_promo,25172_Lidlfr_promo,25172,http://www.Lidl.fr/fr/moins-cher.htm,-20%,25/02 - 03/03,14.49,
25107_Lidlfr_promo_1029_14499,Nos offres/Mercredi 25/02|Savoie/Mercredi 25/02,2 x 125 g,Yaourt de Savoie à la praline rose,25107_Lidlfr_promo,1 kg = 5.56 €,25107_Lidlfr_promo_1029,82,<strong class="price pricebutton" style="                color:#007d9b;            "> € 1.39  2 x 125 g  1 kg = 5.56 €,14,1.39,14499,9B09C5650BA851831C3B000DACD78E72,Yaourt de Savoie à la praline rose,B15BC8ABD265CF409B1738854D9032C5,18/02/2015 13:47:22,€,A56CB508120AB3F188D99A384549D60A,B76226C0B9542B5FA7C4FF56FF755802,65,1029,25107_Lidlfr_promo_1029_14499,Lidl.fr_promo,25107_Lidlfr_promo,25107,http://www.Lidl.fr/fr/offres-513.htm?id=596,,,,
25109_Lidlfr_promo_1029_14499,Nos offres/Mercredi 25/02|Savoie/Mercredi 25/02,70 cl,Absinthe,25109_Lidlfr_promo,1 L = 24.27 €,25109_Lidlfr_promo_1029,82,<strong class="price pricebutton" style="                color:#007d9b;            "> € 16.99  70 cl  1 L = 24.27 €,16,16.99,14499,9D9039724E8B326C6874301408B99744,Absinthe,080EF239A112A5692A8B75051257AD93,18/02/2015 13:47:23,€,7B85364742CE26197F6E1FF5EE351D8A,B759459D85D5C74EBD26499BBDB165E1,65,1029,25109_Lidlfr_promo_1029_14499,Lidl.fr_promo,25109_Lidlfr_promo,25109,http://www.Lidl.fr/fr/offres-513.htm?id=596,,,,
25110_Lidlfr_promo_1029_14499,Nos offres/Mercredi 25/02|Savoie/Mercredi 25/02,70 cl,Génépi des Alpes,25110_Lidlfr_promo,1 L = 17.13 €,25110_Lidlfr_promo_1029,82,<strong class="price pricebutton" style="                color:#007d9b;            "> € 11.99  70 cl  1 L = 17.13 €,17,11.99,14499,9441EA925ECE7DD9CC0B79AC23339D56,Génépi des Alpes,C141FD3355FC685439B911E43F820AF3,18/02/2015 13:47:23,€,4D5C4D95B92F521C1BE633FFA9E90128,C14D241ACBC5861CFB8BD95CF2535812,65,1029,25110_Lidlfr_promo_1029_14499,Lidl.fr_promo,25110_Lidlfr_promo,25110,http://www.Lidl.fr/fr/offres-513.htm?id=596,,,,
25099_Lidlfr_promo_1029_14499,Nos offres/Mercredi 25/02|Savoie/Mercredi 25/02,300 g,Tartiflette au reblochon de Savoie AOP Label Rouge,25099_Lidlfr_promo,1 kg = 9.97 €,25099_Lidlfr_promo_1029,82,<strong class="price pricebutton" style="                color:#007d9b;            "> € 2.99  300 g  1 kg = 9.97 €,6,2.99,14499,4DFD030781C51DAC5AEF911752EA0AA9,Tartiflette au reblochon de Savoie AOP Label Rouge,0D7156B14F61815F669575AD6DF65F4A,18/02/2015 13:47:20,€,50AC0CE02D603CB6200DE6F497C825ED,BC4647BDDD46EE572310781A51030572,65,1029,25099_Lidlfr_promo_1029_14499,Lidl.fr_promo,25099_Lidlfr_promo,25099,http://www.Lidl.fr/fr/offres-513.htm?id=596,,,,
25101_Lidlfr_promo_1029_14499,Nos offres/Mercredi 25/02|Savoie/Mercredi 25/02,350 g,Tarte flambée recette raclette,25101_Lidlfr_promo,1 kg = 7.11 €,25101_Lidlfr_promo_1029,82,<strong class="price pricebutton" style="                color:#007d9b;            "> € 2.49  350 g  1 kg = 7.11 €,8,2.49,14499,0D390C4900814707391215D4A5E60BF6,Tarte flambée recette raclette,0B866AAFF7805486A9BE2767F20D27FE,18/02/2015 13:47:21,€,146101F294F8DA56689A8534C0F3B219,940222ADE2401C27CF112992065C8877,65,1029,25101_Lidlfr_promo_1029_14499,Lidl.fr_promo,25101_Lidlfr_promo,25101,http://www.Lidl.fr/fr/offres-513.htm?id=596,,,,
25145_Lidlfr_promo_1029_14499,Nos offres/Mercredi 25/02|Viandes de bœuf/Mercredi 25/02,8 x 125 g,Steaks hachés façon bouchère pur bœuf,25145_Lidlfr_promo,,25145_Lidlfr_promo_1029,83,<strong class="price pricebutton" style="                color:#eb212e;            "> € 7.29  8 x 125 g,8,7.29,14499,082D6B069DC624A2FE46348B1ECDFD9B,Steaks hachés façon bouchère pur bœuf,A9B8AEB75EFBBCAC5C4964BBAAAD25C2,18/02/2015 13:47:28,€,EAB1CCC8E7BD00FDD9B0D81F21DAB2F7,BE419CDF098BAE8C8530EA4F19AF3837,65,1029,25145_Lidlfr_promo_1029_14499,Lidl.fr_promo,25145_Lidlfr_promo,25145,http://www.Lidl.fr/fr/offres-513.htm?id=597,,,,
25147_Lidlfr_promo_1029_14499,Nos offres/Mercredi 25/02|Viandes de bœuf/Mercredi 25/02,30 x 30 g,Boulettes au bœuf,25147_Lidlfr_promo,1 kg = 4.83 €,25147_Lidlfr_promo_1029,83,<strong class="price pricebutton" style="                color:#eb212e;            "> € 4.35  30 x 30 g  1 kg = 4.83 €,10,4.35,14499,B0B7B14C635DDF5F283E8DAC059745CA,Boulettes au bœuf,954A3C38D8AE99AECDDB49448594E2BF,18/02/2015 13:47:28,€,45D9A557DD2037A15CDBC7316CA88EEA,18318DA7DAE61A542729D9DA994161BE,65,1029,25147_Lidlfr_promo_1029_14499,Lidl.fr_promo,25147_Lidlfr_promo,25147,http://www.Lidl.fr/fr/offres-513.htm?id=597,,,,
25103_Lidlfr_promo_1029_14499,Nos offres/Mercredi 25/02|Savoie/Mercredi 25/02,325 g,Tarte aux 3 fromages savoyards,25103_Lidlfr_promo,1 kg = 12.28 €,25103_Lidlfr_promo_1029,82,<strong class="price pricebutton" style="                color:#007d9b;            "> € 3.99  325 g  1 kg = 12.28 €,10,3.99,14499,05D22859D6CFFBA059DB9C03EE4A6E11,Tarte aux 3 fromages savoyards,1105A4B1788AAEF9D7E8F48CC9CC87D9,18/02/2015 13:47:21,€,6C51A2028973ED976DAC26772C4E047D,D82604DE52C7A4C0D104443D90790B81,65,1029,25103_Lidlfr_promo_1029_14499,Lidl.fr_promo,25103_Lidlfr_promo,25103,http://www.Lidl.fr/fr/offres-513.htm?id=596,,,,
25105_Lidlfr_promo_1029_14499,Nos offres/Mercredi 25/02|Savoie/Mercredi 25/02,300 g,Tomme de Savoie IGP,25105_Lidlfr_promo,1 kg = 10.30 €,25105_Lidlfr_promo_1029,82,<strong class="price pricebutton" style="                color:#007d9b;            "> € 3.09  300 g  1 kg = 10.30 €,12,3.09,14499,ADAC402393CA32366B79E602A499A8C4,Tomme de Savoie IGP,829880F3C0FF84CE74C3066049FFDE84,18/02/2015 13:47:22,€,122426470C4C14B61CD63984F602C994,DA29469A4B6418140138895517BE93C4,65,1029,25105_Lidlfr_promo_1029_14499,Lidl.fr_promo,25105_Lidlfr_promo,25105,http://www.Lidl.fr/fr/offres-513.htm?id=596,,,,
25141_Lidlfr_promo_1029_14499,Nos offres/Mercredi 25/02|Viandes de bœuf/Mercredi 25/02,180 g,1 entrecôte,25141_Lidlfr_promo,1 kg = 19.94 €,25141_Lidlfr_promo_1029,83,<strong class="price pricebutton" style="                color:#eb212e;            "> € 3.59  180 g  1 kg = 19.94 €,4,3.59,14499,FE585529494A008DE969620533D752FC,1 entrecôte,BC55376DFB14E6AB459E32E11FE5EADA,18/02/2015 13:47:27,€,5842CE1AED36F30709216BAB6A3CF8A8,0B7127C966FA2DC3E83D3C9651E9D9B6,65,1029,25141_Lidlfr_promo_1029_14499,Lidl.fr_promo,25141_Lidlfr_promo,25141,http://www.Lidl.fr/fr/offres-513.htm?id=597,,,,
25143_Lidlfr_promo_1029_14499,Nos offres/Mercredi 25/02|Viandes de bœuf/Mercredi 25/02,10 x 100 g,Steaks hachés pur bœuf,25143_Lidlfr_promo,,25143_Lidlfr_promo_1029,83,<strong class="price pricebutton" style="                color:#eb212e;            "> € 5.17  10 x 100 g,6,5.17,14499,4BB670914E64ED1E0CC333529C8A96C1,Steaks hachés pur bœuf,5A724689F5DE3CF7019C6D1814AB934B,18/02/2015 13:47:27,€,4FDD65AB7A605FE130423E0FD9D43C91,BFC58C81E954A4EE8722992437A86D9D,65,1029,25143_Lidlfr_promo_1029_14499,Lidl.fr_promo,25143_Lidlfr_promo,25143,http://www.Lidl.fr/fr/offres-513.htm?id=597,,,,
25035_Lidlfr_promo_1029_14499,Nos promos/Super samedi,750 g,Paupiettes de porc,25035_Lidlfr_promo,1 kg = 5.32 €,25035_Lidlfr_promo_1029,86,<small class="pricecut" style="                color:#e52031;                            background-color:#ffffff;                            border:1px solid #e52031;            "> -22% <em class="priceold" style="                border-left: 2px solid #e52031;            "> 5.15   <small class="specialdesc" style="                background-color: #e52031;            ">21/02 - 21/02  <strong class="price pricebutton" style="                color:#e52031;            "> € 3.99    750 g  1 kg = 5.32 €,2,3.99,14499,380351962ED7C0BABC6EF876060DB46D,Paupiettes de porc,0520906E0CEB76C37AED6CF5EF484337,18/02/2015 13:47:41,€,A870C33A0CE636796B9827831C22E6DC,099E842AF821E68C6B90D20DDCFC0FC8,65,1029,25035_Lidlfr_promo_1029_14499,Lidl.fr_promo,25035_Lidlfr_promo,25035,http://www.Lidl.fr/fr/super-samedi.htm,-22%,21/02 - 21/02,5.15,
25042_Lidlfr_promo_1029_14499,Nos promos/Fruits & légumes,La pièce,Salade iceberg,25042_Lidlfr_promo,,25042_Lidlfr_promo_1029,87,<small class="specialdesc" style="                background-color: #f1830c;            ">18/02 - 21/02  <strong class="price pricebutton" style="                color:#cf6d04;            "> € 0.79    La pièce,2,0.79,14499,00443201F203FFA24938B88DCA970157,Salade iceberg,6E9D8DAE35597939A93B1031295DA50B,18/02/2015 13:47:45,€,5EB1E95D5F8215E0D8E26965EE440681,4F7E82050E79D3F6A24897B6413CB90F,65,1029,25042_Lidlfr_promo_1029_14499,Lidl.fr_promo,25042_Lidlfr_promo,25042,http://www.Lidl.fr/fr/fruits-legumes.htm,,18/02 - 21/02,,
24991_Lidlfr_promo_1029_14499,Nos promos/Bonnes affaires,L'unité ou le set au choix,Jeu,24991_Lidlfr_promo,,24991_Lidlfr_promo_1029,89,<small class="specialdesc" style="                background-color: #1f4fb8;            ">19/02 - 19/02  <strong class="price pricebutton" style="                color:#1f4fb8;            "> € 10.99    L'unité ou le set au choix,3,10.99,14499,5DDEF9ECF60D11AED4EFE02018C54709,Jeu,CDBF69A15BFA176B0E496BA0AE86A07D,18/02/2015 13:47:59,€,0E4395F554FD94534677023EE795B190,4B23F8DC9EB4ED500A662E396908D39B,65,1029,24991_Lidlfr_promo_1029_14499,Lidl.fr_promo,24991_Lidlfr_promo,24991,http://www.Lidl.fr/fr/bonnes-affaires.htm,,19/02 - 19/02,,
24993_Lidlfr_promo_1029_14499,Nos promos/Bonnes affaires,L'unité ou le set au choix,Jouets d'extérieur,24993_Lidlfr_promo,,24993_Lidlfr_promo_1029,89,<small class="specialdesc" style="                background-color: #1f4fb8;            ">19/02 - 19/02  <strong class="price pricebutton" style="                color:#1f4fb8;            "> € 1.99    L'unité ou le set au choix,5,1.99,14499,B1103BFC1D454B41E8837ABA503F452E,Jouets d'extérieur,7F68FF710385412C7442BD91CC05BC94,18/02/2015 13:47:59,€,DFC2D91BA1F7F554C76E8C0AA94CF09B,ECC8647B514CB6AE769B6AF99410A092,65,1029,24993_Lidlfr_promo_1029_14499,Lidl.fr_promo,24993_Lidlfr_promo,24993,http://www.Lidl.fr/fr/bonnes-affaires.htm,,19/02 - 19/02,,
24755_Lidlfr_promo_2875_14499,Nos offres/Lundi 16/02|Auto/Moto/Lundi 16/02,L'unité au choix,Etui pour GPS ou manchons scooter,24755_Lidlfr_promo,,24755_Lidlfr_promo_2875,92,<strong class="price pricebutton" style="                color:#f17230;            "> € 9.99  L'unité au choix,1,9.99,14499,757DEF678AE091C9EC98E9F75972B931,Etui pour GPS ou manchons scooter,5D960BF605D84894BEBCFC6860A2C6B8,18/02/2015 13:48:09,€,029C4A32EC70C23F6637EA1A245E2C4B,96BC82D11851FAD841C56BAC26D777A6,68,2875,24755_Lidlfr_promo_2875_14499,Lidl.fr_promo,24755_Lidlfr_promo,24755,http://www.Lidl.fr/fr/offres-513.htm?id=589,,,,
24757_Lidlfr_promo_2875_14499,Nos offres/Lundi 16/02|Auto/Moto/Lundi 16/02,L'unité au choix,Maillot technique de moto homme,24757_Lidlfr_promo,,24757_Lidlfr_promo_2875,92,<strong class="price pricebutton" style="                color:#f17230;            "> € 14.99  L'unité au choix,3,14.99,14499,1B145E2EBDCB136FC00500E3C1174F8C,Maillot technique de moto homme,4A86366C1CEDFE5B12BD2768C03FF3D6,18/02/2015 13:48:09,€,718CF940B10D7D5EB0F2103E26B46F20,8A4698917FE654CFB25A8BE97C24B4B3,68,2875,24757_Lidlfr_promo_2875_14499,Lidl.fr_promo,24757_Lidlfr_promo,24757,http://www.Lidl.fr/fr/offres-513.htm?id=589,,,,
24973_Lidlfr_promo_1029_14499,Nos promos/Plantes & fleurs,L'unité au choix,Plantes vertes,24973_Lidlfr_promo,Le 18/02,24973_Lidlfr_promo_1029,88,<strong class="price pricebutton" style="                color:#f05660;            "> € 21.99  L'unité au choix  Le 18/02,1,21.99,14499,77B241215F5FB61E29B394947EB1BAD0,Plantes vertes,F13F3DD85350868015F5B619D3BE734B,18/02/2015 13:47:55,€,85570641A21EDD147D8AA080689C8B0E,47AF7FCA91DD663217384FADCD58C8AB,65,1029,24973_Lidlfr_promo_1029_14499,Lidl.fr_promo,24973_Lidlfr_promo,24973,http://www.Lidl.fr/fr/plantes-fleurs.htm,,,,
24982_Lidlfr_promo_1029_14499,Nos promos/Plantes & fleurs,L'unité au choix,Rosier grimpant en motte,24982_Lidlfr_promo,Le 21/02,24982_Lidlfr_promo_1029,88,<strong class="price pricebutton" style="                color:#f05660;            "> € 2.49  L'unité au choix  Le 21/02,3,2.49,14499,03E5F0C008F26E6B209811FEBC2316B5,Rosier grimpant en motte,45F1ADB67A75C0A7854088F7E41229B7,18/02/2015 13:47:56,€,3B346B48BB4804E0AE26A4CA6D24F6C8,E945A4E090CD71ACBF4CFCC6FF54AD9C,65,1029,24982_Lidlfr_promo_1029_14499,Lidl.fr_promo,24982_Lidlfr_promo,24982,http://www.Lidl.fr/fr/plantes-fleurs.htm,,,,
24764_Lidlfr_promo_2875_14499,Nos offres/Lundi 16/02|Auto/Moto/Lundi 16/02,L'unité,Ceinture lombaire,24764_Lidlfr_promo,,24764_Lidlfr_promo_2875,92,<strong class="price pricebutton" style="                color:#f17230;            "> € 4.99  L'unité,9,4.99,14499,DFEEA130B2B3DCA1D4D52EF9F2D4D9E3,Ceinture lombaire,D91108D394EE2BEDBD73145510FA66DB,18/02/2015 13:48:11,€,17F0BC0E8303091CB17C3474A9E32343,44B8B1B5C2C259DF31D9D9B0F53BE68B,68,2875,24764_Lidlfr_promo_2875_14499,Lidl.fr_promo,24764_Lidlfr_promo,24764,http://www.Lidl.fr/fr/offres-513.htm?id=589,,,,
24766_Lidlfr_promo_2875_14499,Nos offres/Lundi 16/02|Auto/Moto/Lundi 16/02,La paire au choix,Chaussettes de moto,24766_Lidlfr_promo,,24766_Lidlfr_promo_2875,92,<strong class="price pricebutton" style="                color:#f17230;            "> € 2.99  La paire au choix,11,2.99,14499,A2818279F29CBA4AF8201613E3A799C2,Chaussettes de moto,9553BE0E1CB7D30E2EFB5DE169672ACF,18/02/2015 13:48:11,€,BC762AE1C1DBE5E383E3B1C5676FF7D2,4527D8D0B1692F0BFD2480464BB20457,68,2875,24766_Lidlfr_promo_2875_14499,Lidl.fr_promo,24766_Lidlfr_promo,24766,http://www.Lidl.fr/fr/offres-513.htm?id=589,,,,
24760_Lidlfr_promo_2875_14499,Nos offres/Lundi 16/02|Auto/Moto/Lundi 16/02,La paire,Gants de moto,24760_Lidlfr_promo,,24760_Lidlfr_promo_2875,92,<strong class="price pricebutton" style="                color:#f17230;            "> € 19.99  La paire,5,19.99,14499,72D518DF3D9FF3C968C86B14D54558D0,Gants de moto,EA769E487BDFC1DDCB432E45DA001B1B,18/02/2015 13:48:10,€,298CFA4367662B53C4497F52EBC5D025,6B41F17ABD11BBC46176560B301A4E24,68,2875,24760_Lidlfr_promo_2875_14499,Lidl.fr_promo,24760_Lidlfr_promo,24760,http://www.Lidl.fr/fr/offres-513.htm?id=589,,,,
24762_Lidlfr_promo_2875_14499,Nos offres/Lundi 16/02|Auto/Moto/Lundi 16/02,L'unité,Cagoule moto,24762_Lidlfr_promo,,24762_Lidlfr_promo_2875,92,<strong class="price pricebutton" style="                color:#f17230;            "> € 4.99  L'unité,7,4.99,14499,551105CE5828048CAC5EA8A486AAE3C8,Cagoule moto,98E5AD11BE5B9FA19B70CC852927F037,18/02/2015 13:48:10,€,1B8D91C189752DACF26CE27D64D65381,DCE4D150D598F12D9B87A16283857712,68,2875,24762_Lidlfr_promo_2875_14499,Lidl.fr_promo,24762_Lidlfr_promo,24762,http://www.Lidl.fr/fr/offres-513.htm?id=589,,,,
25044_Lidlfr_promo_1029_14499,Nos promos/Fruits & légumes,La barquette de 1 kg,Carottes des sables,25044_Lidlfr_promo,,25044_Lidlfr_promo_1029,87,<small class="specialdesc" style="                background-color: #f1830c;            ">18/02 - 21/02  <strong class="price pricebutton" style="                color:#cf6d04;            "> € 1.29    La barquette de 1 kg,4,1.29,14499,B81E4A7A79BFC758E87CFE0AD0F8D53E,Carottes des sables,A40D8858A4283583ECD176C38D818778,18/02/2015 13:47:45,€,68F3B4891037DECD3938AF906488B9E7,BCEA8E33F6A05964BDF4AC26C1AA89CF,65,1029,25044_Lidlfr_promo_1029_14499,Lidl.fr_promo,25044_Lidlfr_promo,25044,http://www.Lidl.fr/fr/fruits-legumes.htm,,18/02 - 21/02,,
24793_Lidlfr_promo_2875_14499,Nos offres/Lundi 16/02|Mode enfant/Lundi 16/02,Le lot au choix,2 tee-shirts manches longues fille ou garçon,24793_Lidlfr_promo,,24793_Lidlfr_promo_2875,91,<strong class="price pricebutton" style="                color:#ee73aa;            "> € 3.49  Le lot au choix,5,3.49,14499,FB812EBB66A20A4E8EF413A165C3593A,2 tee-shirts manches longues fille ou garçon,702490645290DE8AD599AE53D24764BD,18/02/2015 13:48:06,€,E15D79FBA42FB6C47DFCAC7DC529F769,FDB2B215ACA454782C69BC1EE9A85D81,68,2875,24793_Lidlfr_promo_2875_14499,Lidl.fr_promo,24793_Lidlfr_promo,24793,http://www.Lidl.fr/fr/offres-513.htm?id=588,,,,
24791_Lidlfr_promo_2875_14499,Nos offres/Lundi 16/02|Mode enfant/Lundi 16/02,L'unité au choix,Veste imperméable fille,24791_Lidlfr_promo,,24791_Lidlfr_promo_2875,91,<strong class="price pricebutton" style="                color:#ee73aa;            "> € 9.99  L'unité au choix,3,9.99,14499,A3174B0429A75D7D038971C8AB266A12,Veste imperméable fille,8333556A4CDAD04A7986AD0FAC9DF52A,18/02/2015 13:48:06,€,ACE18510013B3B2827D924B74DEACD22,2933FEB99140863146F78CA650897C2F,68,2875,24791_Lidlfr_promo_2875_14499,Lidl.fr_promo,24791_Lidlfr_promo,24791,http://www.Lidl.fr/fr/offres-513.htm?id=588,,,,
24986_Lidlfr_promo_1029_14499,Nos promos/Plantes & fleurs,L'unité,Narcisses,24986_Lidlfr_promo,Le 23/02,24986_Lidlfr_promo_1029,88,<strong class="price pricebutton" style="                color:#f05660;            "> € 1.29  L'unité  Le 23/02,4,1.29,14499,DF9E31B12B1B5DE2420B0EFD2017E97D,Narcisses,FE6A4BB53B57AF5F80B0825F00EDFB61,18/02/2015 13:47:56,€,83B493B0F769734F48809559847F9A8A,77B1AE6BE955316D7234F2BC5A409CDD,65,1029,24986_Lidlfr_promo_1029_14499,Lidl.fr_promo,24986_Lidlfr_promo,24986,http://www.Lidl.fr/fr/plantes-fleurs.htm,,,,
24869_Lidlfr_promo_2875_14499,Nos offres/Mercredi 18/02|USA/Mercredi 18/02,480/490/500 ml au choix,Sauce,24869_Lidlfr_promo,1 L = 3.10 €,24869_Lidlfr_promo_2875,93,<strong class="price pricebutton" style="                color:#d83b30;            "> € 1.49  480/490/500 ml au choix  1 L = 3.10 €,4,1.49,14499,287B805F7C2564A1070061BB00695E79,Sauce,0BF76F9F0A6525B62C5AADC530EA2C93,18/02/2015 13:48:15,€,FF4F10AACE5FE92E9071154AD92DEA42,CEC819FA603E0B3F17E6AEAF4A6E6890,68,2875,24869_Lidlfr_promo_2875_14499,Lidl.fr_promo,24869_Lidlfr_promo,24869,http://www.Lidl.fr/fr/offres-513.htm?id=591,,,,
24870_Lidlfr_promo_2875_14499,Nos offres/Mercredi 18/02|USA/Mercredi 18/02,400 g (PNE),Cornichons tranchés,24870_Lidlfr_promo,1 kg = 3.73 €,24870_Lidlfr_promo_2875,93,<strong class="price pricebutton" style="                color:#d83b30;            "> € 1.49  400 g (PNE)  1 kg = 3.73 €,5,1.49,14499,FCF74CCD0088FF5C7A1AD530C219490E,Cornichons tranchés,D2D1545A1D8812EB6A0EC34F48F3B24E,18/02/2015 13:48:15,€,408F144EC83607A0B0710E7D25A9FFB8,8AC8AB5790BE587836C18B1E2184BAC0,68,2875,24870_Lidlfr_promo_2875_14499,Lidl.fr_promo,24870_Lidlfr_promo,24870,http://www.Lidl.fr/fr/offres-513.htm?id=591,,,,
24872_Lidlfr_promo_2875_14499,Nos offres/Mercredi 18/02|USA/Mercredi 18/02,500 g au choix,Spare ribs (travers de porc),24872_Lidlfr_promo,1 kg = 6.98 €,24872_Lidlfr_promo_2875,93,<strong class="price pricebutton" style="                color:#d83b30;            "> € 3.49  500 g au choix  1 kg = 6.98 €,7,3.49,14499,A11AFA0709EF52CB0023DF67674C7578,Spare ribs (travers de porc),BAA05ED045AE316E92D7635001E35C0A,18/02/2015 13:48:16,€,C350D8D1C87ABD59D79F3921996E176D,B6E61F3A46000AF53590F293DCF35C20,68,2875,24872_Lidlfr_promo_2875_14499,Lidl.fr_promo,24872_Lidlfr_promo,24872,http://www.Lidl.fr/fr/offres-513.htm?id=591,,,,
24832_Lidlfr_promo_2875_14499,Nos offres/Jeudi 19/02|Douce nuit/Jeudi 19/02,La parure au choix,Parure de lit en coton renforcé,24832_Lidlfr_promo,,24832_Lidlfr_promo_2875,94,<strong class="price pricebutton" style="                color:#a65c9b;            "> à partir de  € 11.99  La parure au choix,1,11.99,14499,732CD9DCF1D6AC835A83301146A14E2A,Parure de lit en coton renforcé,A11A927F3C7CD83A3B17B06E2B3580DD,18/02/2015 13:48:21,€,E0C0287FC9954F33BCEAC5FE819B2304,659F7811510C2A2B265A09A56095C702,68,2875,24832_Lidlfr_promo_2875_14499,Lidl.fr_promo,24832_Lidlfr_promo,24832,http://www.Lidl.fr/fr/offres-513.htm?id=590,,,,
24836_Lidlfr_promo_2875_14499,Nos offres/Jeudi 19/02|Douce nuit/Jeudi 19/02,L'unité,Coussin en microfibre,24836_Lidlfr_promo,,24836_Lidlfr_promo_2875,94,<strong class="price pricebutton" style="                color:#a65c9b;            "> € 8.99  L'unité,2,8.99,14499,201F70778F5BC24C0BE89A76D83D7E77,Coussin en microfibre,C90E0BCF5119D236A524ACE63B9B5A7C,18/02/2015 13:48:21,€,E2C97520DC45D143B72CACC57494ABDF,BD44F20EE6AC130433C642094CECD336,68,2875,24836_Lidlfr_promo_2875_14499,Lidl.fr_promo,24836_Lidlfr_promo,24836,http://www.Lidl.fr/fr/offres-513.htm?id=590,,,,
24876_Lidlfr_promo_2875_14499,Nos offres/Mercredi 18/02|USA/Mercredi 18/02,200 g,Préparation pour pancakes,24876_Lidlfr_promo,1 kg = 6.45 €,24876_Lidlfr_promo_2875,93,<strong class="price pricebutton" style="                color:#d83b30;            "> € 1.29  200 g  1 kg = 6.45 €,12,1.29,14499,15760803F05A86F2F782709737225DAD,Préparation pour pancakes,E70B559BD36123C5675BD90AEA87F05E,18/02/2015 13:48:17,€,E63A337312C901B61F4C750BA393BF10,E04F87E54CA47E7AAC0FDE5F55A2B928,68,2875,24876_Lidlfr_promo_2875_14499,Lidl.fr_promo,24876_Lidlfr_promo,24876,http://www.Lidl.fr/fr/offres-513.htm?id=591,,,,
24878_Lidlfr_promo_2875_14499,Nos offres/Mercredi 18/02|USA/Mercredi 18/02,300 g,6 pancakes,24878_Lidlfr_promo,1 kg = 5.30 €,24878_Lidlfr_promo_2875,93,<strong class="price pricebutton" style="                color:#d83b30;            "> € 1.59  300 g  1 kg = 5.30 €,14,1.59,14499,39A227E823C6C016913580FDF977E3C8,6 pancakes,72AF9FA06135F09B8971C896A2015AA0,18/02/2015 13:48:18,€,D07FBEA9EC9830BC8B47AE21AC340AB1,519FAB1C21E011CB83230C17046B5CF2,68,2875,24878_Lidlfr_promo_2875_14499,Lidl.fr_promo,24878_Lidlfr_promo,24878,http://www.Lidl.fr/fr/offres-513.htm?id=591,,,,
24845_Lidlfr_promo_2875_14499,Nos offres/Jeudi 19/02|Douce nuit/Jeudi 19/02,L'unité au choix,Drap-housse en jersey,24845_Lidlfr_promo,,24845_Lidlfr_promo_2875,94,<strong class="price pricebutton" style="                color:#a65c9b;            "> à partir de  € 5.99  L'unité au choix,5,5.99,14499,757D15BF82CD331E8B8EC09F47FEE82E,Drap-housse en jersey,DC1F74F1D5259707430793624905D22E,18/02/2015 13:48:22,€,17E13B0B267C411BE682AC7D36EFAE24,FB8AF9B1003EAAF5C36F2F065DA4FCA0,68,2875,24845_Lidlfr_promo_2875_14499,Lidl.fr_promo,24845_Lidlfr_promo,24845,http://www.Lidl.fr/fr/offres-513.htm?id=590,,,,
24847_Lidlfr_promo_2875_14499,Nos offres/Jeudi 19/02|Douce nuit/Jeudi 19/02,L'ensemble au choix,Pyjama homme,24847_Lidlfr_promo,,24847_Lidlfr_promo_2875,94,<strong class="price pricebutton" style="                color:#a65c9b;            "> € 9.99  L'ensemble au choix,7,9.99,14499,1D339B0311A10653DCFE4B3DBB6A4F24,Pyjama homme,8544783093DB5E2A6792419642D82544,18/02/2015 13:48:22,€,430C9B005FD8C3304F09EBAE4F383F3B,0743832AD29F3A3EE0F01243AABBC3B8,68,2875,24847_Lidlfr_promo_2875_14499,Lidl.fr_promo,24847_Lidlfr_promo,24847,http://www.Lidl.fr/fr/offres-513.htm?id=590,,,,
24861_Lidlfr_promo_2875_14499,Nos offres/Jeudi 19/02|Douce nuit/Jeudi 19/02,L'unité au choix,Lampe halogène à pince,24861_Lidlfr_promo,,24861_Lidlfr_promo_2875,94,<strong class="price pricebutton" style="                color:#a65c9b;            "> € 5.99  L'unité au choix,9,5.99,14499,56CEC8B7309F8D033E5153557413A3C8,Lampe halogène à pince,59CFB0B4AA6E57DCB043440E5E2F81B3,18/02/2015 13:48:23,€,55A12AAAB77CD7FEED4F4C9D41A25069,4EE81D87959972EC4F7D90FAE46639F5,68,2875,24861_Lidlfr_promo_2875_14499,Lidl.fr_promo,24861_Lidlfr_promo,24861,http://www.Lidl.fr/fr/offres-513.htm?id=590,,,,
24863_Lidlfr_promo_2875_14499,Nos offres/Jeudi 19/02|Douce nuit/Jeudi 19/02,La paire au choix,Lunettes pliables avec étui,24863_Lidlfr_promo,,24863_Lidlfr_promo_2875,94,<strong class="price pricebutton" style="                color:#a65c9b;            "> € 3.49  La paire au choix,10,3.49,14499,FC73D134E638DFB2A01F4E2D4B1FCD4D,Lunettes pliables avec étui,88074280B9407B6BC92211946B684E56,18/02/2015 13:48:23,€,3C323244DDFB0F46EB0152133074CA06,66A733FEBE222A5F3AE377F413C19305,68,2875,24863_Lidlfr_promo_2875_14499,Lidl.fr_promo,24863_Lidlfr_promo,24863,http://www.Lidl.fr/fr/offres-513.htm?id=590,,,,
24874_Lidlfr_promo_2875_14499,Nos offres/Mercredi 18/02|USA/Mercredi 18/02,420/438/450 g au choix,Crème glacée,24874_Lidlfr_promo,1 kg = 6.40 €,24874_Lidlfr_promo_2875,93,<strong class="price pricebutton" style="                color:#d83b30;            "> € 2.69  420/438/450 g au choix  1 kg = 6.40 €,11,2.69,14499,25F31E71CA324FAAB35CDF368E58A90F,Crème glacée,903E2372CEE675B44E6FF91AC10EE40A,18/02/2015 13:48:17,€,D169914B35090F5449F63E42644A3F05,AA08CAA980FEA246EBCFF950B4EAE2E7,68,2875,24874_Lidlfr_promo_2875_14499,Lidl.fr_promo,24874_Lidlfr_promo,24874,http://www.Lidl.fr/fr/offres-513.htm?id=591,,,,
24881_Lidlfr_promo_2875_14499,Nos offres/Mercredi 18/02|USA/Mercredi 18/02,454 g au choix,Beurre de cacahuète,24881_Lidlfr_promo,1 kg = 5.70 €,24881_Lidlfr_promo_2875,93,<strong class="price pricebutton" style="                color:#d83b30;            "> € 2.59  454 g au choix  1 kg = 5.70 €,17,2.59,14499,1C699B1B2FB3F45D26D8AA3D1B68C578,Beurre de cacahuète,AFFBE3423F8728AF5AE437133E98CC45,18/02/2015 13:48:18,€,1F817A0022156712664E3073763A4974,D0A194DC29EE00D2F22EF573F2D7097F,68,2875,24881_Lidlfr_promo_2875_14499,Lidl.fr_promo,24881_Lidlfr_promo,24881,http://www.Lidl.fr/fr/offres-513.htm?id=591,,,,
24867_Lidlfr_promo_2875_14499,Nos offres/Mercredi 18/02|USA/Mercredi 18/02,200 g,Chips goût barbecue,24867_Lidlfr_promo,1 kg = 4.95 €,24867_Lidlfr_promo_2875,93,<strong class="price pricebutton" style="                color:#d83b30;            "> € 0.99  200 g  1 kg = 4.95 €,2,0.99,14499,324158FC1BEF0BE782A8BD32B13CEDB7,Chips goût barbecue,7AA69F16CE47DE91DD9BE4C0D957D472,18/02/2015 13:48:14,€,841BD0F532A00453F0EDB113DE2FE3B6,CBEC56EA8D7B1D9787F7C1297488C798,68,2875,24867_Lidlfr_promo_2875_14499,Lidl.fr_promo,24867_Lidlfr_promo,24867,http://www.Lidl.fr/fr/offres-513.htm?id=591,,,,
24768_Lidlfr_promo_2875_14499,Nos offres/Lundi 16/02|Auto/Moto/Lundi 16/02,L'unité,Galerie porte-bagages en aluminium,24768_Lidlfr_promo,,24768_Lidlfr_promo_2875,92,<strong class="price pricebutton" style="                color:#f17230;            "> € 34.99  L'unité,13,34.99,14499,11FA63F75DCEF42480C4D81334E39F12,Galerie porte-bagages en aluminium,5B53E94CE86736222D7D83E6AD63AAC2,18/02/2015 13:48:12,€,97A50621950023047FEFB010EC6C1617,B073CE3B662C38AB02C8FD02CE384A44,68,2875,24768_Lidlfr_promo_2875_14499,Lidl.fr_promo,24768_Lidlfr_promo,24768,http://www.Lidl.fr/fr/offres-513.htm?id=589,,,,
25097_Lidlfr_promo_2875_14499,Nos offres/Mercredi 25/02|Savoie/Mercredi 25/02,600 g,Crozets au beaufort AOP et mini diots,25097_Lidlfr_promo,1 kg = 8.82 €,25097_Lidlfr_promo_2875,97,<strong class="price pricebutton" style="                color:#007d9b;            "> € 5.29  600 g  1 kg = 8.82 €,3,5.29,14499,78F449D8B9B640AF4D540CA3393F7E3C,Crozets au beaufort AOP et mini diots,A97ACB6BF5A5E84F6788940913591E11,18/02/2015 13:48:34,€,FF64B00FAD1D290E5C186A9C0FF9F049,233E90F3F8794E85BC244BE259A99724,68,2875,25097_Lidlfr_promo_2875_14499,Lidl.fr_promo,25097_Lidlfr_promo,25097,http://www.Lidl.fr/fr/offres-513.htm?id=596,,,,
25112_Lidlfr_promo_2875_14499,Nos offres/Mercredi 25/02|Savoie/Mercredi 25/02,600 g,Gratin savoyard au beaufort AOP et mini diots,25112_Lidlfr_promo,1 kg = 8.32 €,25112_Lidlfr_promo_2875,97,<strong class="price pricebutton" style="                color:#007d9b;            "> € 4.99  600 g  1 kg = 8.32 €,4,4.99,14499,50AE4B3AE29D36F38E2566DE5BC15CA3,Gratin savoyard au beaufort AOP et mini diots,EDD911132B6D97E28FD7F60261AF72A5,18/02/2015 13:48:34,€,BB8E6C72FCD14AD045F249DEE7CDA4D5,F02E21C27440AEF2E5C495CE615279E3,68,2875,25112_Lidlfr_promo_2875_14499,Lidl.fr_promo,25112_Lidlfr_promo,25112,http://www.Lidl.fr/fr/offres-513.htm?id=596,,,,
25099_Lidlfr_promo_2875_14499,Nos offres/Mercredi 25/02|Savoie/Mercredi 25/02,300 g,Tartiflette au reblochon de Savoie AOP Label Rouge,25099_Lidlfr_promo,1 kg = 9.97 €,25099_Lidlfr_promo_2875,97,<strong class="price pricebutton" style="                color:#007d9b;            "> € 2.99  300 g  1 kg = 9.97 €,6,2.99,14499,4DFD030781C51DAC5AEF911752EA0AA9,Tartiflette au reblochon de Savoie AOP Label Rouge,CB972A636B7EBA74ABE7A48415E9659C,18/02/2015 13:48:35,€,F9C80C4B5698E1F3D56C04F7ABB7BB4C,BC4647BDDD46EE572310781A51030572,68,2875,25099_Lidlfr_promo_2875_14499,Lidl.fr_promo,25099_Lidlfr_promo,25099,http://www.Lidl.fr/fr/offres-513.htm?id=596,,,,
25011_Lidlfr_promo_2875_14499,Nos offres/Lundi 23/02|Extérieur/Lundi 23/02,L'aérosol de 400 ml,Peinture de protection pour métaux,25011_Lidlfr_promo,1 L = 7.47 €,25011_Lidlfr_promo_2875,96,<strong class="price pricebutton" style="                color:#4b650d;            "> € 2.99  L'aérosol de 400 ml  1 L = 7.47 €,1,2.99,14499,88D6E70BCF3AD2B32B0599B306168897,Peinture de protection pour métaux,703B57712939F636BB917AB5E88E028F,18/02/2015 13:48:29,€,D947731A24DF9C74A73E28B506A196D3,68E3BF852693AD8A72F32FDFE50DC6D4,68,2875,25011_Lidlfr_promo_2875_14499,Lidl.fr_promo,25011_Lidlfr_promo,25011,http://www.Lidl.fr/fr/offres-513.htm?id=594,,,,
25013_Lidlfr_promo_2875_14499,Nos offres/Lundi 23/02|Extérieur/Lundi 23/02,Le pot de 5 L,Lasure déco longue durée,25013_Lidlfr_promo,1 L = 2.59 €,25013_Lidlfr_promo_2875,96,<strong class="price pricebutton" style="                color:#4b650d;            "> € 12.99  Le pot de 5 L  1 L = 2.59 €,3,12.99,14499,29A5B314A169C686578D6DB70D085FF2,Lasure déco longue durée,9AA4EB10D98D82B8D722EBF78AF8AA18,18/02/2015 13:48:30,€,54F5A34A7D3EF0CB21697466F05CE3E8,7DAC0F8F86AFC0DB7F7854D370346127,68,2875,25013_Lidlfr_promo_2875_14499,Lidl.fr_promo,25013_Lidlfr_promo,25013,http://www.Lidl.fr/fr/offres-513.htm?id=594,,,,
25101_Lidlfr_promo_2875_14499,Nos offres/Mercredi 25/02|Savoie/Mercredi 25/02,350 g,Tarte flambée recette raclette,25101_Lidlfr_promo,1 kg = 7.11 €,25101_Lidlfr_promo_2875,97,<strong class="price pricebutton" style="                color:#007d9b;            "> € 2.49  350 g  1 kg = 7.11 €,8,2.49,14499,0D390C4900814707391215D4A5E60BF6,Tarte flambée recette raclette,163DB991B3EF70FF146FAB865C8C936A,18/02/2015 13:48:35,€,7CD24610E2F5DA85EE3A74DD95CD12A0,940222ADE2401C27CF112992065C8877,68,2875,25101_Lidlfr_promo_2875_14499,Lidl.fr_promo,25101_Lidlfr_promo,25101,http://www.Lidl.fr/fr/offres-513.htm?id=596,,,,
25103_Lidlfr_promo_2875_14499,Nos offres/Mercredi 25/02|Savoie/Mercredi 25/02,325 g,Tarte aux 3 fromages savoyards,25103_Lidlfr_promo,1 kg = 12.28 €,25103_Lidlfr_promo_2875,97,<strong class="price pricebutton" style="                color:#007d9b;            "> € 3.99  325 g  1 kg = 12.28 €,10,3.99,14499,05D22859D6CFFBA059DB9C03EE4A6E11,Tarte aux 3 fromages savoyards,61567154E2B74E2B8CF0300631EB1387,18/02/2015 13:48:36,€,2F4686A546DF051DBE55FE21F452DCA6,D82604DE52C7A4C0D104443D90790B81,68,2875,25103_Lidlfr_promo_2875_14499,Lidl.fr_promo,25103_Lidlfr_promo,25103,http://www.Lidl.fr/fr/offres-513.htm?id=596,,,,
25019_Lidlfr_promo_2875_14499,Nos offres/Lundi 23/02|Extérieur/Lundi 23/02,L'unité au choix,Jardinière avec niveau d'eau,25019_Lidlfr_promo,,25019_Lidlfr_promo_2875,96,<strong class="price pricebutton" style="                color:#4b650d;            "> à partir de  € 4.99  L'unité au choix,10,4.99,14499,DF383F1C110F67D15BBF65FDC0EE7306,Jardinière avec niveau d'eau,F31438F83D784ECD0BBB7F7A625E4B79,18/02/2015 13:48:31,€,9AF2F23F1B598BF1A5E512C4A0342DD7,112473807DF45853E16204788CE21E2C,68,2875,25019_Lidlfr_promo_2875_14499,Lidl.fr_promo,25019_Lidlfr_promo,25019,http://www.Lidl.fr/fr/offres-513.htm?id=594,,,,
25020_Lidlfr_promo_2875_14499,Nos offres/Lundi 23/02|Extérieur/Lundi 23/02,L'unité au choix,Paillasson,25020_Lidlfr_promo,,25020_Lidlfr_promo_2875,96,<strong class="price pricebutton" style="                color:#4b650d;            "> € 2.99  L'unité au choix,11,2.99,14499,57F8CFCAC28C6E89F2EDAC948239AA40,Paillasson,68314ED5E22EFC5C75E2A55E1DBB41FE,18/02/2015 13:48:32,€,A8227B9F2D4741430E46B453AC9D3439,39E947EB63C8BAC0A911B23AC881C9BB,68,2875,25020_Lidlfr_promo_2875_14499,Lidl.fr_promo,25020_Lidlfr_promo,25020,http://www.Lidl.fr/fr/offres-513.htm?id=594,,,,
25015_Lidlfr_promo_2875_14499,Nos offres/Lundi 23/02|Extérieur/Lundi 23/02,Le set au choix,Set de pinceaux,25015_Lidlfr_promo,,25015_Lidlfr_promo_2875,96,<strong class="price pricebutton" style="                color:#4b650d;            "> € 7.99  Le set au choix,5,7.99,14499,90E795C57E39768FC257ED2097F19CC0,Set de pinceaux,F0CC59CDFBF6A654945525B23BC7A1A1,18/02/2015 13:48:30,€,EB906F26B59BC37B4206FF8D73E6582B,05204FDF0A9A07A4EAC25EC99AF7AE24,68,2875,25015_Lidlfr_promo_2875_14499,Lidl.fr_promo,25015_Lidlfr_promo,25015,http://www.Lidl.fr/fr/offres-513.htm?id=594,,,,
25017_Lidlfr_promo_2875_14499,Nos offres/Lundi 23/02|Extérieur/Lundi 23/02,L'unité,Pulvérisateur à pression,25017_Lidlfr_promo,,25017_Lidlfr_promo_2875,96,<strong class="price pricebutton" style="                color:#4b650d;            "> € 3.99  L'unité,7,3.99,14499,F67C5529EAAE30C012301FAD5CBAA27C,Pulvérisateur à pression,AB6AA1D73E60EF56FE0A4C08D731C6A7,18/02/2015 13:48:31,€,700B6A12521C7A49EE31DEA77EAAE016,DB4AF40394D17C2399D9B2BECF0A961D,68,2875,25017_Lidlfr_promo_2875_14499,Lidl.fr_promo,25017_Lidlfr_promo,25017,http://www.Lidl.fr/fr/offres-513.htm?id=594,,,,
24944_Lidlfr_promo_2875_14499,Nos offres/Jeudi 19/02|Maison/Jeudi 19/02,L'unité au choix,Mini commode,24944_Lidlfr_promo,,24944_Lidlfr_promo_2875,95,<strong class="price pricebutton" style="                color:#f3846a;            "> € 14.99*  L'unité au choix,1,14.99,14499,521BD149204CCDCD154698B806C7DE8C,Mini commode,FF8AFC48604B9F8094E89F96B8749B3F,18/02/2015 13:48:25,€,EDF64B57C96D6FEABC41CD16C79ABB34,4EA59864816087BB60D6E5680C047A5E,68,2875,24944_Lidlfr_promo_2875_14499,Lidl.fr_promo,24944_Lidlfr_promo,24944,http://www.Lidl.fr/fr/offres-513.htm?id=592,,,,
24946_Lidlfr_promo_2875_14499,Nos offres/Jeudi 19/02|Maison/Jeudi 19/02,Le lot au choix,4 boutons de meuble,24946_Lidlfr_promo,,24946_Lidlfr_promo_2875,95,<strong class="price pricebutton" style="                color:#f3846a;            "> € 3.99*  Le lot au choix,3,3.99,14499,5BF96FE7A5AEF8C93763054BD75CEEA3,4 boutons de meuble,701DF198671A0F91F5935ABE0848F133,18/02/2015 13:48:25,€,A76261141DB3D4FB178B6531590B629F,52AC89F6FD092A77578033A1B21594FF,68,2875,24946_Lidlfr_promo_2875_14499,Lidl.fr_promo,24946_Lidlfr_promo,24946,http://www.Lidl.fr/fr/offres-513.htm?id=592,,,,
24951_Lidlfr_promo_2875_14499,Nos offres/Jeudi 19/02|Maison/Jeudi 19/02,L'unité au choix,Coussin,24951_Lidlfr_promo,,24951_Lidlfr_promo_2875,95,<strong class="price pricebutton" style="                color:#f3846a;            "> € 4.99  L'unité au choix,9,4.99,14499,D7B65F415935B4C6E8FC46C1D513C9AF,Coussin,C4DAFA5B120F200D389450EEB7F87EEA,18/02/2015 13:48:27,€,6B9071BA8EE3DA124F689DB93B689A05,493733B1EA397D196293BBF12B839A4F,68,2875,24951_Lidlfr_promo_2875_14499,Lidl.fr_promo,24951_Lidlfr_promo,24951,http://www.Lidl.fr/fr/offres-513.htm?id=592,,,,
24953_Lidlfr_promo_2875_14499,Nos offres/Jeudi 19/02|Maison/Jeudi 19/02,Le lot au choix,2 sets de table,24953_Lidlfr_promo,,24953_Lidlfr_promo_2875,95,<strong class="price pricebutton" style="                color:#f3846a;            "> € 2.99  Le lot au choix,11,2.99,14499,C187C295D50FEE21F9F053E69D7C9FEB,2 sets de table,AEDA948F49F0C3E0C889209C20158541,18/02/2015 13:48:27,€,F0754032D5A5320AC7A6805504B817FD,ABC8818C03E3574658E1A5DD95D2FF8D,68,2875,24953_Lidlfr_promo_2875_14499,Lidl.fr_promo,24953_Lidlfr_promo,24953,http://www.Lidl.fr/fr/offres-513.htm?id=592,,,,
25095_Lidlfr_promo_2875_14499,Nos offres/Mercredi 25/02|Savoie/Mercredi 25/02,3 x 180 g,Assortiment de 3 terrines savoyardes,25095_Lidlfr_promo,1 kg = 4.61 €,25095_Lidlfr_promo_2875,97,<strong class="price pricebutton" style="                color:#007d9b;            "> € 2.49  3 x 180 g  1 kg = 4.61 €,1,2.49,14499,959A6977DB6BA4B53BF16AC5F23901E0,Assortiment de 3 terrines savoyardes,6FFC633502496491FE7186047823662D,18/02/2015 13:48:34,€,8ACE4999C7F2703BD5BD27B4E72489BB,875FFA7F896A4DA039E296E2D1F54937,68,2875,25095_Lidlfr_promo_2875_14499,Lidl.fr_promo,25095_Lidlfr_promo,25095,http://www.Lidl.fr/fr/offres-513.htm?id=596,,,,
24948_Lidlfr_promo_2875_14499,Nos offres/Jeudi 19/02|Maison/Jeudi 19/02,Le lot ou l'unité au choix,Accessoire(s) de décoration,24948_Lidlfr_promo,,24948_Lidlfr_promo_2875,95,<strong class="price pricebutton" style="                color:#f3846a;            "> € 2.99  Le lot ou l'unité au choix,6,2.99,14499,EFCC13E7D52FA89A702DD787F5A7D3BB,Accessoire(s) de décoration,4351A82180068FF2948EC21C98043836,18/02/2015 13:48:26,€,8F31334E478867BEDD2CE7B1F7B4CC8C,4579B0511A0E6319628FFC17CC6B3998,68,2875,24948_Lidlfr_promo_2875_14499,Lidl.fr_promo,24948_Lidlfr_promo,24948,http://www.Lidl.fr/fr/offres-513.htm?id=592,,,,
24931_Lidlfr_promo_2875_14499,Nos promos/Moins cher,4 x 80 g au choix,Mousse liégeoise,24931_Lidlfr_promo,1 kg = 2.47 €,24931_Lidlfr_promo_2875,100,<small class="pricecut" style="                color:#e52031;                            background-color:#ffffff;                            border:1px solid #e52031;            "> -20% <em class="priceold" style="                border-left: 2px solid #e52031;            "> 0.99   <small class="specialdesc" style="                background-color: #e52031;            ">18/02 - 24/02  <strong class="price pricebutton" style="                color:#e52031;            "> € 0.79    4 x 80 g au choix  1 kg = 2.47 €,8,0.79,14499,8AD792E316A56133F68E8493F0CF1D2D,Mousse liégeoise,0952EE934CDDB5CE7034135A22C7432F,18/02/2015 13:49:02,€,1B1E5C620B8DC0A9E8EA5C4E1AC992FD,474E406FC68C5E3F0BCE9A7206CDEF5E,68,2875,24931_Lidlfr_promo_2875_14499,Lidl.fr_promo,24931_Lidlfr_promo,24931,http://www.Lidl.fr/fr/moins-cher.htm,-20%,18/02 - 24/02,0.99,
24933_Lidlfr_promo_2875_14499,Nos promos/Moins cher,La bouteille de 1 L,Pur jus de 4 agrumes,24933_Lidlfr_promo,,24933_Lidlfr_promo_2875,100,<small class="pricecut" style="                color:#e52031;                            background-color:#ffffff;                            border:1px solid #e52031;            "> -20% <em class="priceold" style="                border-left: 2px solid #e52031;            "> 0.99   <small class="specialdesc" style="                background-color: #e52031;            ">18/02 - 24/02  <strong class="price pricebutton" style="                color:#e52031;            "> € 0.79    La bouteille de 1 L,10,0.79,14499,000D562AFB77B582CA15F738F4F353F6,Pur jus de 4 agrumes,1889D967D2CC4C07D683E84473E81D75,18/02/2015 13:49:02,€,75FC04CED040FDEC968C9E1ED7F9C0B7,942DAAC277DACED487D09DDCBE753D73,68,2875,24933_Lidlfr_promo_2875_14499,Lidl.fr_promo,24933_Lidlfr_promo,24933,http://www.Lidl.fr/fr/moins-cher.htm,-20%,18/02 - 24/02,0.99,
24935_Lidlfr_promo_2875_14499,Nos promos/Moins cher,75 cl,Côtes de Bordeaux AOP,24935_Lidlfr_promo,1 L = 2.79 €,24935_Lidlfr_promo_2875,100,<small class="pricecut" style="                color:#e52031;                            background-color:#ffffff;                            border:1px solid #e52031;            "> -22% <em class="priceold" style="                border-left: 2px solid #e52031;            "> 2.69   <small class="specialdesc" style="                background-color: #e52031;            ">18/02 - 24/02  <strong class="price pricebutton" style="                color:#e52031;            "> € 2.09    75 cl  1 L = 2.79 €,12,2.09,14499,57094FABF183A9D10DDA4D23E5755402,Côtes de Bordeaux AOP,7D9275225221F9211D1D1151B61C13B5,18/02/2015 13:49:02,€,EC5FA593461339EA725D5C4A60243BED,546B5E6A6DFE42925B8A87EBCAC1A9CB,68,2875,24935_Lidlfr_promo_2875_14499,Lidl.fr_promo,24935_Lidlfr_promo,24935,http://www.Lidl.fr/fr/moins-cher.htm,-22%,18/02 - 24/02,2.69,
25161_Lidlfr_promo_2875_14499,Nos promos/Moins cher,180 g,Jambon supérieur,25161_Lidlfr_promo,1 kg = 6.61 €,25161_Lidlfr_promo_2875,100,<small class="pricecut" style="                color:#e52031;                            background-color:#ffffff;                            border:1px solid #e52031;            "> -20% <em class="priceold" style="                border-left: 2px solid #e52031;            "> 1.49   <small class="specialdesc" style="                background-color: #e52031;            ">25/02 - 03/03  <strong class="price pricebutton" style="                color:#e52031;            "> € 1.19    180 g  1 kg = 6.61 €,16,1.19,14499,AA17845B1092E3B9E0AFF71E001946D8,Jambon supérieur,797DCD5EB7A19B8166F7AEA616B68A75,18/02/2015 13:49:03,€,33B1A47FC7EB860B4B8955012DCF5988,A7A6B51B4DA2A493F024AAC42D94C7CD,68,2875,25161_Lidlfr_promo_2875_14499,Lidl.fr_promo,25161_Lidlfr_promo,25161,http://www.Lidl.fr/fr/moins-cher.htm,-20%,25/02 - 03/03,1.49,
25163_Lidlfr_promo_2875_14499,Nos promos/Moins cher,100 g,Jambon de Bayonne IGP,25163_Lidlfr_promo,1 kg = 12.90 €,25163_Lidlfr_promo_2875,100,<small class="pricecut" style="                color:#e52031;                            background-color:#ffffff;                            border:1px solid #e52031;            "> -13% <em class="priceold" style="                border-left: 2px solid #e52031;            "> 1.49   <small class="specialdesc" style="                background-color: #e52031;            ">25/02 - 03/03  <strong class="price pricebutton" style="                color:#e52031;            "> € 1.29    100 g  1 kg = 12.90 €,18,1.29,14499,2E0E11AC8BA8C3C65AF7C9249CEC1C85,Jambon de Bayonne IGP,D02A5D861BE188382A57652927BB04E2,18/02/2015 13:49:03,€,947B47807CD9947E92A3C2137F48817E,7E4DDECD5564E9FE8A83E41821797CA3,68,2875,25163_Lidlfr_promo_2875_14499,Lidl.fr_promo,25163_Lidlfr_promo,25163,http://www.Lidl.fr/fr/moins-cher.htm,-13%,25/02 - 03/03,1.49,
25165_Lidlfr_promo_2875_14499,Nos promos/Moins cher,2 x 400 g,Raclette en tranchettes,25165_Lidlfr_promo,1 kg = 5.49 €,25165_Lidlfr_promo_2875,100,<small class="pricecut" style="                color:#e52031;                            background-color:#ffffff;                            border:1px solid #e52031;            "> -17% <em class="priceold" style="                border-left: 2px solid #e52031;            "> 5.29   <small class="specialdesc" style="                background-color: #e52031;            ">25/02 - 03/03  <strong class="price pricebutton" style="                color:#e52031;            "> € 4.39    2 x 400 g  1 kg = 5.49 €,20,4.39,14499,08070F0E248094FDA18E877112E04BD5,Raclette en tranchettes,6F484B281982D269295C5DB9961B33A5,18/02/2015 13:49:03,€,335B506A2F98A6A9BCED38BD3757E38D,3773B6CF600F775304F7489130B3D7D1,68,2875,25165_Lidlfr_promo_2875_14499,Lidl.fr_promo,25165_Lidlfr_promo,25165,http://www.Lidl.fr/fr/moins-cher.htm,-17%,25/02 - 03/03,5.29,
25167_Lidlfr_promo_2875_14499,Nos promos/Moins cher,250 g,Morbier au lait cru AOP,25167_Lidlfr_promo,1 kg = 6.76 €,25167_Lidlfr_promo_2875,100,<small class="pricecut" style="                color:#e52031;                            background-color:#ffffff;                            border:1px solid #e52031;            "> -21% <em class="priceold" style="                border-left: 2px solid #e52031;            "> 2.15   <small class="specialdesc" style="                background-color: #e52031;            ">25/02 - 03/03  <strong class="price pricebutton" style="                color:#e52031;            "> € 1.69    250 g  1 kg = 6.76 €,22,1.69,14499,EF02DA050CDE2B8991927575E900036D,Morbier au lait cru AOP,40671D80A822E3B36F89E6E571E50EFB,18/02/2015 13:49:03,€,CCEFA70DE9DBE62DF44B9065EC02F1BD,25485DF232E188A3F3E514EE1C9DE020,68,2875,25167_Lidlfr_promo_2875_14499,Lidl.fr_promo,25167_Lidlfr_promo,25167,http://www.Lidl.fr/fr/moins-cher.htm,-21%,25/02 - 03/03,2.15,
25169_Lidlfr_promo_2875_14499,Nos promos/Moins cher,350 g au choix,Lunettes de Romans,25169_Lidlfr_promo,1 kg = 4.54 €,25169_Lidlfr_promo_2875,100,<small class="pricecut" style="                color:#e52031;                            background-color:#ffffff;                            border:1px solid #e52031;            "> -20% <em class="priceold" style="                border-left: 2px solid #e52031;            "> 1.99   <small class="specialdesc" style="                background-color: #e52031;            ">25/02 - 03/03  <strong class="price pricebutton" style="                color:#e52031;            "> € 1.59    350 g au choix  1 kg = 4.54 €,24,1.59,14499,7622480D02051EE4117E73638419A446,Lunettes de Romans,599CC4E1916469E3C513BBFC37CABFF6,18/02/2015 13:49:03,€,580A7444945AFC39E39B2A9199734FBB,8DE251FEAE057B8675FB551E684A295C,68,2875,25169_Lidlfr_promo_2875_14499,Lidl.fr_promo,25169_Lidlfr_promo,25169,http://www.Lidl.fr/fr/moins-cher.htm,-20%,25/02 - 03/03,1.99,
24917_Lidlfr_promo_2875_14499,Nos promos/Moins cher,800 g,Pilons de poulet,24917_Lidlfr_promo,1 kg = 3.74 €,24917_Lidlfr_promo_2875,100,<small class="pricecut" style="                color:#e52031;                            background-color:#ffffff;                            border:1px solid #e52031;            "> -18% <em class="priceold" style="                border-left: 2px solid #e52031;            "> 3.69   <small class="specialdesc" style="                background-color: #e52031;            ">18/02 - 24/02  <strong class="price pricebutton" style="                color:#e52031;            "> € 2.99    800 g  1 kg = 3.74 €,1,2.99,14499,E2AFA81B43B2621A06797F0F2706B2A5,Pilons de poulet,BD4C90283549571A80F7C527DD01AE3F,18/02/2015 13:49:02,€,ED7C8788E3F30D9AA0DE9A6929B31044,905FB31E485E7F2FAD5CBA1F425D72E6,68,2875,24917_Lidlfr_promo_2875_14499,Lidl.fr_promo,24917_Lidlfr_promo,24917,http://www.Lidl.fr/fr/moins-cher.htm,-18%,18/02 - 24/02,3.69,
24919_Lidlfr_promo_2875_14499,Nos promos/Moins cher,6 x 130 g,6 cheeseburgers au bœuf,24919_Lidlfr_promo,1 kg = 3.83 €,24919_Lidlfr_promo_2875,100,<small class="pricecut" style="                color:#e52031;                            background-color:#ffffff;                            border:1px solid #e52031;            "> -18% <em class="priceold" style="                border-left: 2px solid #e52031;            "> 3.69   <small class="specialdesc" style="                background-color: #e52031;            ">18/02 - 24/02  <strong class="price pricebutton" style="                color:#e52031;            "> € 2.99    6 x 130 g  1 kg = 3.83 €,3,2.99,14499,69149D37C7E6C2F75766303B33B659E6,6 cheeseburgers au bœuf,41D8A9D2CE430D4532C4646491AEB34C,18/02/2015 13:49:02,€,BDCD3A503B2292A4B8B54897D4606991,3A451D508BE07D684C2FACE70E6ECF9D,68,2875,24919_Lidlfr_promo_2875_14499,Lidl.fr_promo,24919_Lidlfr_promo,24919,http://www.Lidl.fr/fr/moins-cher.htm,-18%,18/02 - 24/02,3.69,
24920_Lidlfr_promo_2875_14499,Nos promos/Moins cher,2 x 150 g au choix,2 cheeseburgers,24920_Lidlfr_promo,1 kg = 5.30 €,24920_Lidlfr_promo_2875,100,<small class="pricecut" style="                color:#e52031;                            background-color:#ffffff;                            border:1px solid #e52031;            "> -20% <em class="priceold" style="                border-left: 2px solid #e52031;            "> 1.99   <small class="specialdesc" style="                background-color: #e52031;            ">18/02 - 24/02  <strong class="price pricebutton" style="                color:#e52031;            "> € 1.59    2 x 150 g au choix  1 kg = 5.30 €,4,1.59,14499,121D366A4863D7DE2B08EA025830272C,2 cheeseburgers,D68237049EACD7CC91F4A315607A72CD,18/02/2015 13:49:02,€,A3C14EA4C912D97FEF413B5C7DCD788D,F00C0EEB95F5A928C3814BC3B3EE962B,68,2875,24920_Lidlfr_promo_2875_14499,Lidl.fr_promo,24920_Lidlfr_promo,24920,http://www.Lidl.fr/fr/moins-cher.htm,-20%,18/02 - 24/02,1.99,
24922_Lidlfr_promo_2875_14499,Nos promos/Moins cher,Soit le lot de 2 x 275 g,Le Rustique camembert,24922_Lidlfr_promo,1 kg = 4.22 €,24922_Lidlfr_promo_2875,100,<small class="pricecut" style="                color:#e52031;                            background-color:#ffffff;                            border:1px solid #e52031;            "> -50% sur le 2ème  <small class="specialdesc" style="                background-color: #e52031;            ">18/02 - 24/02  <strong class="price pricebutton" style="                color:#e52031;            "> € 2.32    Soit le lot de 2 x 275 g  1 kg = 4.22 €,6,2.32,14499,17481297B39A5D04B768C97419A474DD,Le Rustique camembert,56B7AC8149BC41B2F04BACEC4B06D122,18/02/2015 13:49:02,€,BED496CFE13BE3A1F3CFDCBACBFF63A4,4BADF6FCE1FB568BA4D71E1645E5DA27,68,2875,24922_Lidlfr_promo_2875_14499,Lidl.fr_promo,24922_Lidlfr_promo,24922,http://www.Lidl.fr/fr/moins-cher.htm,-50% sur le 2ème,18/02 - 24/02,,
25170_Lidlfr_promo_2875_14499,Nos promos/Moins cher,8 x 100 g au choix,Fromage blanc,25170_Lidlfr_promo,1 kg = 1.56 €,25170_Lidlfr_promo_2875,100,<small class="pricecut" style="                color:#e52031;                            background-color:#ffffff;                            border:1px solid #e52031;            "> -19% <em class="priceold" style="                border-left: 2px solid #e52031;            "> 1.55   <small class="specialdesc" style="                background-color: #e52031;            ">25/02 - 03/03  <strong class="price pricebutton" style="                color:#e52031;            "> € 1.25    8 x 100 g au choix  1 kg = 1.56 €,25,1.25,14499,5FD737F1618B4F78172570D6E63444CF,Fromage blanc,28EDAF0560030BCA1D1AECDE448168F5,18/02/2015 13:49:03,€,54ECEC845731E656420EA2F2DD66A011,4D70135CF4B09E7B072F9F78863F2600,68,2875,25170_Lidlfr_promo_2875_14499,Lidl.fr_promo,25170_Lidlfr_promo,25170,http://www.Lidl.fr/fr/moins-cher.htm,-19%,25/02 - 03/03,1.55,
25172_Lidlfr_promo_2875_14499,Nos promos/Moins cher,La bouteille de 1 L,Rhum blanc traditionnel des Antilles,25172_Lidlfr_promo,,25172_Lidlfr_promo_2875,100,<small class="pricecut" style="                color:#e52031;                            background-color:#ffffff;                            border:1px solid #e52031;            "> -20% <em class="priceold" style="                border-left: 2px solid #e52031;            "> 14.49   <small class="specialdesc" style="                background-color: #e52031;            ">25/02 - 03/03  <strong class="price pricebutton" style="                color:#e52031;            "> € 11.59    La bouteille de 1 L,27,11.59,14499,CA8A2B29D751296D1F3CC6D429534E23,Rhum blanc traditionnel des Antilles,DAB342904B18297121C56D19426DCD92,18/02/2015 13:49:03,€,8F19ECC374D0C5B864A772ACE7DCD1F8,A2A12471535005FFEF2984CFA21C8EDA,68,2875,25172_Lidlfr_promo_2875_14499,Lidl.fr_promo,25172_Lidlfr_promo,25172,http://www.Lidl.fr/fr/moins-cher.htm,-20%,25/02 - 03/03,14.49,
25105_Lidlfr_promo_2875_14499,Nos offres/Mercredi 25/02|Savoie/Mercredi 25/02,300 g,Tomme de Savoie IGP,25105_Lidlfr_promo,1 kg = 10.30 €,25105_Lidlfr_promo_2875,97,<strong class="price pricebutton" style="                color:#007d9b;            "> € 3.09  300 g  1 kg = 10.30 €,12,3.09,14499,ADAC402393CA32366B79E602A499A8C4,Tomme de Savoie IGP,A8D0F97D15284E0BD30B5716A2855200,18/02/2015 13:48:36,€,610E776071C324B64C2FBA212033CD50,DA29469A4B6418140138895517BE93C4,68,2875,25105_Lidlfr_promo_2875_14499,Lidl.fr_promo,25105_Lidlfr_promo,25105,http://www.Lidl.fr/fr/offres-513.htm?id=596,,,,
25107_Lidlfr_promo_2875_14499,Nos offres/Mercredi 25/02|Savoie/Mercredi 25/02,2 x 125 g,Yaourt de Savoie à la praline rose,25107_Lidlfr_promo,1 kg = 5.56 €,25107_Lidlfr_promo_2875,97,<strong class="price pricebutton" style="                color:#007d9b;            "> € 1.39  2 x 125 g  1 kg = 5.56 €,14,1.39,14499,9B09C5650BA851831C3B000DACD78E72,Yaourt de Savoie à la praline rose,C5CFFA42A61E24B7D4EF03CFC63542FC,18/02/2015 13:48:37,€,8AE920B9231604AE9DF376811DE6B241,B76226C0B9542B5FA7C4FF56FF755802,68,2875,25107_Lidlfr_promo_2875_14499,Lidl.fr_promo,25107_Lidlfr_promo,25107,http://www.Lidl.fr/fr/offres-513.htm?id=596,,,,
25145_Lidlfr_promo_2875_14499,Nos offres/Mercredi 25/02|Viandes de bœuf/Mercredi 25/02,8 x 125 g,Steaks hachés façon bouchère pur bœuf,25145_Lidlfr_promo,,25145_Lidlfr_promo_2875,98,<strong class="price pricebutton" style="                color:#eb212e;            "> € 7.29  8 x 125 g,8,7.29,14499,082D6B069DC624A2FE46348B1ECDFD9B,Steaks hachés façon bouchère pur bœuf,4FDB6DAC64FE9157DF32B1B639882223,18/02/2015 13:48:43,€,C3D97C54F7C2CDDDA648AB2A35973030,BE419CDF098BAE8C8530EA4F19AF3837,68,2875,25145_Lidlfr_promo_2875_14499,Lidl.fr_promo,25145_Lidlfr_promo,25145,http://www.Lidl.fr/fr/offres-513.htm?id=597,,,,
25147_Lidlfr_promo_2875_14499,Nos offres/Mercredi 25/02|Viandes de bœuf/Mercredi 25/02,30 x 30 g,Boulettes au bœuf,25147_Lidlfr_promo,1 kg = 4.83 €,25147_Lidlfr_promo_2875,98,<strong class="price pricebutton" style="                color:#eb212e;            "> € 4.35  30 x 30 g  1 kg = 4.83 €,10,4.35,14499,B0B7B14C635DDF5F283E8DAC059745CA,Boulettes au bœuf,A1630673C52B6121D0F4EA3525835594,18/02/2015 13:48:43,€,C91B8D122314D685A3F0BD87F1C5CFC0,18318DA7DAE61A542729D9DA994161BE,68,2875,25147_Lidlfr_promo_2875_14499,Lidl.fr_promo,25147_Lidlfr_promo,25147,http://www.Lidl.fr/fr/offres-513.htm?id=597,,,,
25141_Lidlfr_promo_2875_14499,Nos offres/Mercredi 25/02|Viandes de bœuf/Mercredi 25/02,180 g,1 entrecôte,25141_Lidlfr_promo,1 kg = 19.94 €,25141_Lidlfr_promo_2875,98,<strong class="price pricebutton" style="                color:#eb212e;            "> € 3.59  180 g  1 kg = 19.94 €,4,3.59,14499,FE585529494A008DE969620533D752FC,1 entrecôte,00FA589F979695640B052B7B559279DB,18/02/2015 13:48:42,€,DC6D15B9DFFC1E34E8B5C92617013D67,0B7127C966FA2DC3E83D3C9651E9D9B6,68,2875,25141_Lidlfr_promo_2875_14499,Lidl.fr_promo,25141_Lidlfr_promo,25141,http://www.Lidl.fr/fr/offres-513.htm?id=597,,,,
25143_Lidlfr_promo_2875_14499,Nos offres/Mercredi 25/02|Viandes de bœuf/Mercredi 25/02,10 x 100 g,Steaks hachés pur bœuf,25143_Lidlfr_promo,,25143_Lidlfr_promo_2875,98,<strong class="price pricebutton" style="                color:#eb212e;            "> € 5.17  10 x 100 g,6,5.17,14499,4BB670914E64ED1E0CC333529C8A96C1,Steaks hachés pur bœuf,58C3DD93E18BB30CCDC6DBA769CD91F4,18/02/2015 13:48:42,€,C2E3C54F9396F10CA432E202372C5383,BFC58C81E954A4EE8722992437A86D9D,68,2875,25143_Lidlfr_promo_2875_14499,Lidl.fr_promo,25143_Lidlfr_promo,25143,http://www.Lidl.fr/fr/offres-513.htm?id=597,,,,
25109_Lidlfr_promo_2875_14499,Nos offres/Mercredi 25/02|Savoie/Mercredi 25/02,70 cl,Absinthe,25109_Lidlfr_promo,1 L = 24.27 €,25109_Lidlfr_promo_2875,97,<strong class="price pricebutton" style="                color:#007d9b;            "> € 16.99  70 cl  1 L = 24.27 €,16,16.99,14499,9D9039724E8B326C6874301408B99744,Absinthe,EF240AFE43EC44F26432841A7B6EC057,18/02/2015 13:48:37,€,B5281B910F706AE316AEB0CF86672081,B759459D85D5C74EBD26499BBDB165E1,68,2875,25109_Lidlfr_promo_2875_14499,Lidl.fr_promo,25109_Lidlfr_promo,25109,http://www.Lidl.fr/fr/offres-513.htm?id=596,,,,
25110_Lidlfr_promo_2875_14499,Nos offres/Mercredi 25/02|Savoie/Mercredi 25/02,70 cl,Génépi des Alpes,25110_Lidlfr_promo,1 L = 17.13 €,25110_Lidlfr_promo_2875,97,<strong class="price pricebutton" style="                color:#007d9b;            "> € 11.99  70 cl  1 L = 17.13 €,17,11.99,14499,9441EA925ECE7DD9CC0B79AC23339D56,Génépi des Alpes,E396666E684E1C4300903A150AA95684,18/02/2015 13:48:38,€,976EE886673B6DF46D335C2E5216B57C,C14D241ACBC5861CFB8BD95CF2535812,68,2875,25110_Lidlfr_promo_2875_14499,Lidl.fr_promo,25110_Lidlfr_promo,25110,http://www.Lidl.fr/fr/offres-513.htm?id=596,,,,
25035_Lidlfr_promo_2875_14499,Nos promos/Super samedi,750 g,Paupiettes de porc,25035_Lidlfr_promo,1 kg = 5.32 €,25035_Lidlfr_promo_2875,101,<small class="pricecut" style="                color:#e52031;                            background-color:#ffffff;                            border:1px solid #e52031;            "> -22% <em class="priceold" style="                border-left: 2px solid #e52031;            "> 5.15   <small class="specialdesc" style="                background-color: #e52031;            ">21/02 - 21/02  <strong class="price pricebutton" style="                color:#e52031;            "> € 3.99    750 g  1 kg = 5.32 €,2,3.99,14499,380351962ED7C0BABC6EF876060DB46D,Paupiettes de porc,1FC6DF79DD728DB92BF4D16EB750075C,18/02/2015 13:49:06,€,705A6FA7E38984839F505A8544DDF8B0,099E842AF821E68C6B90D20DDCFC0FC8,68,2875,25035_Lidlfr_promo_2875_14499,Lidl.fr_promo,25035_Lidlfr_promo,25035,http://www.Lidl.fr/fr/super-samedi.htm,-22%,21/02 - 21/02,5.15,
25042_Lidlfr_promo_2875_14499,Nos promos/Fruits & légumes,La pièce,Salade iceberg,25042_Lidlfr_promo,,25042_Lidlfr_promo_2875,102,<small class="specialdesc" style="                background-color: #f1830c;            ">18/02 - 21/02  <strong class="price pricebutton" style="                color:#cf6d04;            "> € 0.79    La pièce,2,0.79,14499,00443201F203FFA24938B88DCA970157,Salade iceberg,183498DF05B50E400774A5975A6521C2,18/02/2015 13:49:10,€,261E2ED38E167E71D0165923F5235EB5,4F7E82050E79D3F6A24897B6413CB90F,68,2875,25042_Lidlfr_promo_2875_14499,Lidl.fr_promo,25042_Lidlfr_promo,25042,http://www.Lidl.fr/fr/fruits-legumes.htm,,18/02 - 21/02,,
24789_Lidlfr_promo_1057_14499,Nos offres/Lundi 16/02|Mode enfant/Lundi 16/02,La paire au choix,Bottes de pluie enfant,24789_Lidlfr_promo,,24789_Lidlfr_promo_1057,106,<strong class="price pricebutton" style="                color:#ee73aa;            "> € 9.99*  La paire au choix,1,9.99,14499,466FA431B04ADC4F270ECE5623BC69CD,Bottes de pluie enfant,4444EBE94F4BFDC76A800928202AE9FB,18/02/2015 13:49:28,€,A100F0626BBCE4AC48D1728BD3C6567D,414E181C908E9B035425E6C057C288E5,73,1057,24789_Lidlfr_promo_1057_14499,Lidl.fr_promo,24789_Lidlfr_promo,24789,http://www.Lidl.fr/fr/offres-513.htm?id=588,,,,
24790_Lidlfr_promo_1057_14499,Nos offres/Lundi 16/02|Mode enfant/Lundi 16/02,L'unité au choix,Veste imperméable garçon,24790_Lidlfr_promo,,24790_Lidlfr_promo_1057,106,<strong class="price pricebutton" style="                color:#ee73aa;            "> € 9.99  L'unité au choix,2,9.99,14499,A8B2F7E8E0A51080F80004E7B75F34DA,Veste imperméable garçon,42B1D0393C2EEC4825060F96C88DDFD2,18/02/2015 13:49:28,€,28400EAA45032611EB64763C6930F780,C573F25877C971C5CA3AA000F1EDCA35,73,1057,24790_Lidlfr_promo_1057_14499,Lidl.fr_promo,24790_Lidlfr_promo,24790,http://www.Lidl.fr/fr/offres-513.htm?id=588,,,,
24792_Lidlfr_promo_1057_14499,Nos offres/Lundi 16/02|Mode enfant/Lundi 16/02,La paire au choix,Chaussettes chaudes fille ou garçon,24792_Lidlfr_promo,,24792_Lidlfr_promo_1057,106,<strong class="price pricebutton" style="                color:#ee73aa;            "> € 1.99  La paire au choix,4,1.99,14499,FCFD99C0E0781189B40B0A50F12E9DB9,Chaussettes chaudes fille ou garçon,A53F373654094E43ADDE04BEC7A5FBE9,18/02/2015 13:49:29,€,A9F5766123FCE1D61681DF9EDD5A5A97,A962A696F2D82CFF7B5425A562468A46,73,1057,24792_Lidlfr_promo_1057_14499,Lidl.fr_promo,24792_Lidlfr_promo,24792,http://www.Lidl.fr/fr/offres-513.htm?id=588,,,,
24991_Lidlfr_promo_2875_14499,Nos promos/Bonnes affaires,L'unité ou le set au choix,Jeu,24991_Lidlfr_promo,,24991_Lidlfr_promo_2875,104,<small class="specialdesc" style="                background-color: #1f4fb8;            ">19/02 - 19/02  <strong class="price pricebutton" style="                color:#1f4fb8;            "> € 10.99    L'unité ou le set au choix,3,10.99,14499,5DDEF9ECF60D11AED4EFE02018C54709,Jeu,71517A5DED3282234340D25E96F05834,18/02/2015 13:49:18,€,6C2EB1A38BA8DACC055590BC71554207,4B23F8DC9EB4ED500A662E396908D39B,68,2875,24991_Lidlfr_promo_2875_14499,Lidl.fr_promo,24991_Lidlfr_promo,24991,http://www.Lidl.fr/fr/bonnes-affaires.htm,,19/02 - 19/02,,
24993_Lidlfr_promo_2875_14499,Nos promos/Bonnes affaires,L'unité ou le set au choix,Jouets d'extérieur,24993_Lidlfr_promo,,24993_Lidlfr_promo_2875,104,<small class="specialdesc" style="                background-color: #1f4fb8;            ">19/02 - 19/02  <strong class="price pricebutton" style="                color:#1f4fb8;            "> € 1.99    L'unité ou le set au choix,5,1.99,14499,B1103BFC1D454B41E8837ABA503F452E,Jouets d'extérieur,B7A4BEE07F041C728088A4E52D235E3E,18/02/2015 13:49:18,€,9D76FD223E26EBAFF0A8D0DD7DA230BA,ECC8647B514CB6AE769B6AF99410A092,68,2875,24993_Lidlfr_promo_2875_14499,Lidl.fr_promo,24993_Lidlfr_promo,24993,http://www.Lidl.fr/fr/bonnes-affaires.htm,,19/02 - 19/02,,
24769_Lidlfr_promo_1057_14499,Nos offres/Lundi 16/02|Auto/Moto/Lundi 16/02,L'unité,Protège pare-brise,24769_Lidlfr_promo,,24769_Lidlfr_promo_1057,107,<strong class="price pricebutton" style="                color:#f17230;            "> € 1.99  L'unité,14,1.99,14499,1016AB8C711CD94605566A9C1F8D61F8,Protège pare-brise,F57857E6D19EA32E88E0CAE3B696AC81,18/02/2015 13:49:35,€,3855CE29167EE76B09462766658080C6,C113616DEDB792F022356B9A8295C00D,73,1057,24769_Lidlfr_promo_1057_14499,Lidl.fr_promo,24769_Lidlfr_promo,24769,http://www.Lidl.fr/fr/offres-513.htm?id=589,,,,
24770_Lidlfr_promo_1057_14499,Nos offres/Lundi 16/02|Auto/Moto/Lundi 16/02,L'unité au choix,Réhausseur de siège enfant gr. 2/3,24770_Lidlfr_promo,,24770_Lidlfr_promo_1057,107,<strong class="price pricebutton" style="                color:#f17230;            "> € 11.99  L'unité au choix,15,11.99,14499,30C7F19D7A8824901B6490F15B01608F,Réhausseur de siège enfant gr. 2/3,0025E7EEEFD4B3C72F9ED762EC70DC63,18/02/2015 13:49:35,€,9D75A8BF52C5D121F98233F55B93E046,9C677BD9EAD4EA4926C59A7D0467881D,73,1057,24770_Lidlfr_promo_1057_14499,Lidl.fr_promo,24770_Lidlfr_promo,24770,http://www.Lidl.fr/fr/offres-513.htm?id=589,,,,
24756_Lidlfr_promo_1057_14499,Nos offres/Lundi 16/02|Auto/Moto/Lundi 16/02,L'unité,Atlas routier,24756_Lidlfr_promo,,24756_Lidlfr_promo_1057,107,<strong class="price pricebutton" style="                color:#f17230;            "> € 4.99  L'unité,2,4.99,14499,C66B9E5B7D1D2357A845DFA37C28DBC0,Atlas routier,3CA49507D182876194F13840F7AA101D,18/02/2015 13:49:32,€,2E933204054DC42C02F9F4C60A73AE42,2CA59FD9C3117F138E722E13597F2B0B,73,1057,24756_Lidlfr_promo_1057_14499,Lidl.fr_promo,24756_Lidlfr_promo,24756,http://www.Lidl.fr/fr/offres-513.htm?id=589,,,,
24758_Lidlfr_promo_1057_14499,Nos offres/Lundi 16/02|Auto/Moto/Lundi 16/02,L'unité au choix,Caleçon technique de moto homme,24758_Lidlfr_promo,,24758_Lidlfr_promo_1057,107,<strong class="price pricebutton" style="                color:#f17230;            "> € 11.99  L'unité au choix,4,11.99,14499,FC9C05DE083CA107D09403273CADB41E,Caleçon technique de moto homme,00F2B0F46EB2EEEFFAAC5BD1667EF491,18/02/2015 13:49:33,€,B019F302826996D4DBCE3D1350161184,F6423457AD5DAA885F892D5ABAC69A43,73,1057,24758_Lidlfr_promo_1057_14499,Lidl.fr_promo,24758_Lidlfr_promo,24758,http://www.Lidl.fr/fr/offres-513.htm?id=589,,,,
24761_Lidlfr_promo_1057_14499,Nos offres/Lundi 16/02|Auto/Moto/Lundi 16/02,L'unité,Top case pour scooter,24761_Lidlfr_promo,,24761_Lidlfr_promo_1057,107,<strong class="price pricebutton" style="                color:#f17230;            "> € 29.99  L'unité,6,29.99,14499,7F502620FB0B34204FF6BFB7BB130848,Top case pour scooter,9F96EEFA1CA4FCD1A1637261879240D8,18/02/2015 13:49:33,€,63C019A2270B93D13E03F2F613EC4817,C4BD5C1E2AD0C73F8682C1719013B642,73,1057,24761_Lidlfr_promo_1057_14499,Lidl.fr_promo,24761_Lidlfr_promo,24761,http://www.Lidl.fr/fr/offres-513.htm?id=589,,,,
24763_Lidlfr_promo_1057_14499,Nos offres/Lundi 16/02|Auto/Moto/Lundi 16/02,La paire au choix,Lunettes de soleil sport,24763_Lidlfr_promo,,24763_Lidlfr_promo_1057,107,<strong class="price pricebutton" style="                color:#f17230;            "> € 3.99  La paire au choix,8,3.99,14499,CFE0661780F8BB3D8929E7EB750AD581,Lunettes de soleil sport,362C028E5145237774315F46E949DCFF,18/02/2015 13:49:34,€,8F37A5D54414D52A78DCC77CE6A3767B,9E8375D4BEA951A9E639CF4FA7EFA3DD,73,1057,24763_Lidlfr_promo_1057_14499,Lidl.fr_promo,24763_Lidlfr_promo,24763,http://www.Lidl.fr/fr/offres-513.htm?id=589,,,,
24973_Lidlfr_promo_2875_14499,Nos promos/Plantes & fleurs,L'unité au choix,Plantes vertes,24973_Lidlfr_promo,Le 18/02,24973_Lidlfr_promo_2875,103,<strong class="price pricebutton" style="                color:#f05660;            "> € 21.99  L'unité au choix  Le 18/02,1,21.99,14499,77B241215F5FB61E29B394947EB1BAD0,Plantes vertes,18C72EF2E01128B6F7BFCE7511CA0809,18/02/2015 13:49:14,€,07E73F001979517CE1AB3E2C1B59064A,47AF7FCA91DD663217384FADCD58C8AB,68,2875,24973_Lidlfr_promo_2875_14499,Lidl.fr_promo,24973_Lidlfr_promo,24973,http://www.Lidl.fr/fr/plantes-fleurs.htm,,,,
24982_Lidlfr_promo_2875_14499,Nos promos/Plantes & fleurs,L'unité au choix,Rosier grimpant en motte,24982_Lidlfr_promo,Le 21/02,24982_Lidlfr_promo_2875,103,<strong class="price pricebutton" style="                color:#f05660;            "> € 2.49  L'unité au choix  Le 21/02,3,2.49,14499,03E5F0C008F26E6B209811FEBC2316B5,Rosier grimpant en motte,EB129683717A08E17598EE2DB219A39B,18/02/2015 13:49:14,€,EEF409138B5EAD281B1D42723093F5E9,E945A4E090CD71ACBF4CFCC6FF54AD9C,68,2875,24982_Lidlfr_promo_2875_14499,Lidl.fr_promo,24982_Lidlfr_promo,24982,http://www.Lidl.fr/fr/plantes-fleurs.htm,,,,
24765_Lidlfr_promo_1057_14499,Nos offres/Lundi 16/02|Auto/Moto/Lundi 16/02,L'unité,Couvre-selle pour scooter,24765_Lidlfr_promo,,24765_Lidlfr_promo_1057,107,<strong class="price pricebutton" style="                color:#f17230;            "> € 6.99  L'unité,10,6.99,14499,B35290AA7D48EDA8FEC1BCB7997F5881,Couvre-selle pour scooter,4FFDCE572E2A96543242D39BCE65233B,18/02/2015 13:49:34,€,45C0F364123F7D8E2BB972261F4EA9F8,511A767823E5718ACE2B93439CD79AC2,73,1057,24765_Lidlfr_promo_1057_14499,Lidl.fr_promo,24765_Lidlfr_promo,24765,http://www.Lidl.fr/fr/offres-513.htm?id=589,,,,
24767_Lidlfr_promo_1057_14499,Nos offres/Lundi 16/02|Auto/Moto/Lundi 16/02,Le set,Câbles de démarrage aluminium,24767_Lidlfr_promo,,24767_Lidlfr_promo_1057,107,<strong class="price pricebutton" style="                color:#f17230;            "> € 9.99  Le set,12,9.99,14499,85DB49D16E5DDA6BA964EEB583C9CA2E,Câbles de démarrage aluminium,A260CFAE6F7C0D6EEBCFA24F0A30DC84,18/02/2015 13:49:35,€,624587A41627B50A95B1A6D6F5C30D68,8158A29C3B5E8D4E8D591D607CFE77B0,73,1057,24767_Lidlfr_promo_1057_14499,Lidl.fr_promo,24767_Lidlfr_promo,24767,http://www.Lidl.fr/fr/offres-513.htm?id=589,,,,
25044_Lidlfr_promo_2875_14499,Nos promos/Fruits & légumes,La barquette de 1 kg,Carottes des sables,25044_Lidlfr_promo,,25044_Lidlfr_promo_2875,102,<small class="specialdesc" style="                background-color: #f1830c;            ">18/02 - 21/02  <strong class="price pricebutton" style="                color:#cf6d04;            "> € 1.29    La barquette de 1 kg,4,1.29,14499,B81E4A7A79BFC758E87CFE0AD0F8D53E,Carottes des sables,503727B4D151DEE6E7841D29A0F173FA,18/02/2015 13:49:10,€,EDCB03ACA5D4067F9B100FFCB5270B49,BCEA8E33F6A05964BDF4AC26C1AA89CF,68,2875,25044_Lidlfr_promo_2875_14499,Lidl.fr_promo,25044_Lidlfr_promo,25044,http://www.Lidl.fr/fr/fruits-legumes.htm,,18/02 - 21/02,,
24986_Lidlfr_promo_2875_14499,Nos promos/Plantes & fleurs,L'unité,Narcisses,24986_Lidlfr_promo,Le 23/02,24986_Lidlfr_promo_2875,103,<strong class="price pricebutton" style="                color:#f05660;            "> € 1.29  L'unité  Le 23/02,4,1.29,14499,DF9E31B12B1B5DE2420B0EFD2017E97D,Narcisses,FFEC0D61691905AF7A359EF703D7F1DE,18/02/2015 13:49:14,€,CBBF735CFECDB614E3C6DAEB522A32E0,77B1AE6BE955316D7234F2BC5A409CDD,68,2875,24986_Lidlfr_promo_2875_14499,Lidl.fr_promo,24986_Lidlfr_promo,24986,http://www.Lidl.fr/fr/plantes-fleurs.htm,,,,
24871_Lidlfr_promo_1057_14499,Nos offres/Mercredi 18/02|USA/Mercredi 18/02,500 g,Filets de poulet panés,24871_Lidlfr_promo,1 kg = 6.58 €,24871_Lidlfr_promo_1057,108,<strong class="price pricebutton" style="                color:#d83b30;            "> € 3.29  500 g  1 kg = 6.58 €,6,3.29,14499,C1354A0B0EC0EF1D9B09F5F75E1E714F,Filets de poulet panés,F1C039D70E9F226A52F1B0D11E49D327,18/02/2015 13:49:41,€,71771012FE073EB2CD6A2B344A224CBE,4D57C8AC8153E8565A307084434A7355,73,1057,24871_Lidlfr_promo_1057_14499,Lidl.fr_promo,24871_Lidlfr_promo,24871,http://www.Lidl.fr/fr/offres-513.htm?id=591,,,,
24873_Lidlfr_promo_1057_14499,Nos offres/Mercredi 18/02|USA/Mercredi 18/02,440 g au choix,Pizza américaine,24873_Lidlfr_promo,1 kg = 4.30 €,24873_Lidlfr_promo_1057,108,<strong class="price pricebutton" style="                color:#d83b30;            "> € 1.89  440 g au choix  1 kg = 4.30 €,8,1.89,14499,E6B439804D4D1E0C0FA1528E0789493C,Pizza américaine,F8BEC3EC6590C4DFD805A60753AA761F,18/02/2015 13:49:42,€,EA7DCB7072B49BF2AA5CCB4DCEFC4AAC,DF3ABFAA6336C64811B77E86B9CB17B0,73,1057,24873_Lidlfr_promo_1057_14499,Lidl.fr_promo,24873_Lidlfr_promo,24873,http://www.Lidl.fr/fr/offres-513.htm?id=591,,,,
24905_Lidlfr_promo_1057_14499,Nos offres/Mercredi 18/02|USA/Mercredi 18/02,190 g au choix,Tortilla de blé fourrée,24905_Lidlfr_promo,1 kg = 12.45 €,24905_Lidlfr_promo_1057,108,<strong class="price pricebutton" style="                color:#d83b30;            "> € 2.29  190 g au choix  1 kg = 12.45 €,9,2.29,14499,5A1D4FC08011ABFA58B5AF722004A61A,Tortilla de blé fourrée,681E043482819AD6F3F879F228B78855,18/02/2015 13:49:42,€,31843B14F56D40867476540A82A50EBE,2708FBA0DC4216AB4AB4DE1FC0C49862,73,1057,24905_Lidlfr_promo_1057_14499,Lidl.fr_promo,24905_Lidlfr_promo,24905,http://www.Lidl.fr/fr/offres-513.htm?id=591,,,,
24879_Lidlfr_promo_1057_14499,Nos offres/Mercredi 18/02|USA/Mercredi 18/02,240 g au choix,8 mini brownies,24879_Lidlfr_promo,1 kg = 5.79 €,24879_Lidlfr_promo_1057,108,<strong class="price pricebutton" style="                color:#d83b30;            "> € 1.39  240 g au choix  1 kg = 5.79 €,15,1.39,14499,124F0E1E702734E2978A3DF91F9AF601,8 mini brownies,5F9A1C31777A105A1A94FAC6FDFF0CA3,18/02/2015 13:49:44,€,8524A29C44C070CC7176A59017524C24,52B8BC3917542528942A2D02A624D123,73,1057,24879_Lidlfr_promo_1057_14499,Lidl.fr_promo,24879_Lidlfr_promo,24879,http://www.Lidl.fr/fr/offres-513.htm?id=591,,,,
24880_Lidlfr_promo_1057_14499,Nos offres/Mercredi 18/02|USA/Mercredi 18/02,150 g au choix,Préparation laitière américaine,24880_Lidlfr_promo,1 kg = 3.27 €,24880_Lidlfr_promo_1057,108,<strong class="price pricebutton" style="                color:#d83b30;            "> € 0.49  150 g au choix  1 kg = 3.27 €,16,0.49,14499,48CD93475F83DEB526CB19B8A162DF72,Préparation laitière américaine,026C3DE40D2A9142A028377D9D6DFBDE,18/02/2015 13:49:44,€,A183A0AA19C8140C83DB8C5C77A71EE5,592F69EB8605FAF19BB15D0B370CFAC8,73,1057,24880_Lidlfr_promo_1057_14499,Lidl.fr_promo,24880_Lidlfr_promo,24880,http://www.Lidl.fr/fr/offres-513.htm?id=591,,,,
24882_Lidlfr_promo_1057_14499,Nos offres/Mercredi 18/02|USA/Mercredi 18/02,225 g au choix,Mini muffins,24882_Lidlfr_promo,1 kg = 6.62 €,24882_Lidlfr_promo_1057,108,<strong class="price pricebutton" style="                color:#d83b30;            "> € 1.49  225 g au choix  1 kg = 6.62 €,18,1.49,14499,178A57635940E289065FACF1081E328F,Mini muffins,07660DDFC1766B94691472E2D8A55500,18/02/2015 13:49:44,€,A9F80F04E7102D1883A6F99BB0880B6E,32E0740FC318FC059523A2F830A5B248,73,1057,24882_Lidlfr_promo_1057_14499,Lidl.fr_promo,24882_Lidlfr_promo,24882,http://www.Lidl.fr/fr/offres-513.htm?id=591,,,,
24840_Lidlfr_promo_1057_14499,Nos offres/Jeudi 19/02|Douce nuit/Jeudi 19/02,L'unité au choix,Couette en microfibre,24840_Lidlfr_promo,,24840_Lidlfr_promo_1057,109,<strong class="price pricebutton" style="                color:#a65c9b;            "> à partir de  € 12.99  L'unité au choix,4,12.99,14499,388E802435DF875E09F17C2830D3E132,Couette en microfibre,D8188C10CF4AC8D472F410BBC0F620C0,18/02/2015 13:49:49,€,09BBE6757546174F194E4B2EFFDF4D36,C32E57398A4A3D95CB29CE12AE30E18F,73,1057,24840_Lidlfr_promo_1057_14499,Lidl.fr_promo,24840_Lidlfr_promo,24840,http://www.Lidl.fr/fr/offres-513.htm?id=590,,,,
24846_Lidlfr_promo_1057_14499,Nos offres/Jeudi 19/02|Douce nuit/Jeudi 19/02,L'ensemble au choix,Pyjama femme,24846_Lidlfr_promo,,24846_Lidlfr_promo_1057,109,<strong class="price pricebutton" style="                color:#a65c9b;            "> € 9.99  L'ensemble au choix,6,9.99,14499,8CC9CE6911524144D30972187EAB6BE0,Pyjama femme,398A736EEBC1173504A3948248C91725,18/02/2015 13:49:49,€,5A685C096FD8627061537F8DF5C0A652,3B5D4919C43697E04AE8F965BC07ACD1,73,1057,24846_Lidlfr_promo_1057_14499,Lidl.fr_promo,24846_Lidlfr_promo,24846,http://www.Lidl.fr/fr/offres-513.htm?id=590,,,,
24855_Lidlfr_promo_1057_14499,Nos offres/Jeudi 19/02|Douce nuit/Jeudi 19/02,L'ensemble au choix,Pyjama fille ou garçon,24855_Lidlfr_promo,,24855_Lidlfr_promo_1057,109,<strong class="price pricebutton" style="                color:#a65c9b;            "> € 5.99  L'ensemble au choix,8,5.99,14499,9244CEBD6105E601E070DF17249EE20C,Pyjama fille ou garçon,75638EA0A25E6FC5AD768FB8BB88BB89,18/02/2015 13:49:50,€,BFC4DC4EF9E0EEB377294A6BE45FB890,28614D9BC22C8A1EC4B6FAFD953EF378,73,1057,24855_Lidlfr_promo_1057_14499,Lidl.fr_promo,24855_Lidlfr_promo,24855,http://www.Lidl.fr/fr/offres-513.htm?id=590,,,,
24907_Lidlfr_promo_1057_14499,Nos offres/Mercredi 18/02|USA/Mercredi 18/02,230 ml au choix,Milkshake,24907_Lidlfr_promo,1 L = 3.43 €,24907_Lidlfr_promo_1057,108,<strong class="price pricebutton" style="                color:#d83b30;            "> € 0.79  230 ml au choix  1 L = 3.43 €,10,0.79,14499,A2E8DE8E09A1E63C52AE2B5AAE9E00FD,Milkshake,97EDAFD53F8F80B2FC90A138BB775F6C,18/02/2015 13:49:42,€,9352DEDD49D79C58ADA7F77106F5E353,CCD9F73A3BB415A32B0708B0821761C4,73,1057,24907_Lidlfr_promo_1057_14499,Lidl.fr_promo,24907_Lidlfr_promo,24907,http://www.Lidl.fr/fr/offres-513.htm?id=591,,,,
24877_Lidlfr_promo_1057_14499,Nos offres/Mercredi 18/02|USA/Mercredi 18/02,250 ml,Sirop d'érable,24877_Lidlfr_promo,1 L = 13.96 €,24877_Lidlfr_promo_1057,108,<strong class="price pricebutton" style="                color:#d83b30;            "> € 3.49  250 ml  1 L = 13.96 €,13,3.49,14499,22D7892E667D070A72064E9C340816D2,Sirop d'érable,E50B20470C6E39332CA16805710D1D96,18/02/2015 13:49:43,€,652A973BBCC001EBFD494C467885E7BC,8F4131479DEFDE8DC2F27D096C15D72F,73,1057,24877_Lidlfr_promo_1057_14499,Lidl.fr_promo,24877_Lidlfr_promo,24877,http://www.Lidl.fr/fr/offres-513.htm?id=591,,,,
24947_Lidlfr_promo_1057_14499,Nos offres/Jeudi 19/02|Maison/Jeudi 19/02,L'unité au choix,Casier à miniatures,24947_Lidlfr_promo,,24947_Lidlfr_promo_1057,110,<strong class="price pricebutton" style="                color:#f3846a;            "> € 11.99*  L'unité au choix,4,11.99,14499,0A64EE4C558BDD5B6E815B51A89E914F,Casier à miniatures,A4E9EC84B3F1947A1C7F140C88A11959,18/02/2015 13:49:54,€,4175A412BE4988442075A0DC24E987DB,44AEABC3C16B195BA97B91A17DFD6F05,73,1057,24947_Lidlfr_promo_1057_14499,Lidl.fr_promo,24947_Lidlfr_promo,24947,http://www.Lidl.fr/fr/offres-513.htm?id=592,,,,
24943_Lidlfr_promo_1057_14499,Nos offres/Jeudi 19/02|Maison/Jeudi 19/02,L'unité au choix,Horloge murale rétro,24943_Lidlfr_promo,,24943_Lidlfr_promo_1057,110,<strong class="price pricebutton" style="                color:#f3846a;            "> € 4.99*  L'unité au choix,5,4.99,14499,5446D3A9F8135951E7C1C87CE3137751,Horloge murale rétro,AA2ADD14F5C6CF72A00C4565CDBE1A54,18/02/2015 13:49:55,€,C10E0A96E9D936C9EB06FF942B48EE4F,E6EC91CBA600CA785D5E02BEB0D0C8EB,73,1057,24943_Lidlfr_promo_1057_14499,Lidl.fr_promo,24943_Lidlfr_promo,24943,http://www.Lidl.fr/fr/offres-513.htm?id=592,,,,
24868_Lidlfr_promo_1057_14499,Nos offres/Mercredi 18/02|USA/Mercredi 18/02,200 g au choix,Cruspies,24868_Lidlfr_promo,1 kg = 4.45 €,24868_Lidlfr_promo_1057,108,<strong class="price pricebutton" style="                color:#d83b30;            "> € 0.89  200 g au choix  1 kg = 4.45 €,3,0.89,14499,44227BE6553087EE138647BA184C65B7,Cruspies,EEC69A554A3A115F3DDF6CF28A5174D2,18/02/2015 13:49:41,€,043E85B480F253F4CBB4134E966E9534,90DA3608667E990227E76560921E5FA7,73,1057,24868_Lidlfr_promo_1057_14499,Lidl.fr_promo,24868_Lidlfr_promo,24868,http://www.Lidl.fr/fr/offres-513.htm?id=591,,,,
24866_Lidlfr_promo_1057_14499,Nos offres/Mercredi 18/02|USA/Mercredi 18/02,450 g,Flips géants,24866_Lidlfr_promo,1 kg = 4.42 €,24866_Lidlfr_promo_1057,108,<strong class="price pricebutton" style="                color:#d83b30;            "> € 1.99  450 g  1 kg = 4.42 €,1,1.99,14499,75CE736F195E0E09E33CE8966E8F5802,Flips géants,86B69F99FF5BD0A9736DE4438179B8A7,18/02/2015 13:49:40,€,9F5E075A8F3E53B6AD75A90B74787235,FC524D9465535E3F32C487236668155F,73,1057,24866_Lidlfr_promo_1057_14499,Lidl.fr_promo,24866_Lidlfr_promo,24866,http://www.Lidl.fr/fr/offres-513.htm?id=591,,,,
24837_Lidlfr_promo_1057_14499,Nos offres/Jeudi 19/02|Douce nuit/Jeudi 19/02,L'unité,Oreiller ergonomique en microfibre,24837_Lidlfr_promo,,24837_Lidlfr_promo_1057,109,<strong class="price pricebutton" style="                color:#a65c9b;            "> € 8.99  L'unité,3,8.99,14499,16D26546EF541F433C228B4DD5AD3FFA,Oreiller ergonomique en microfibre,9522B0ABC49DFFD774A1B254B852C29A,18/02/2015 13:49:48,€,E1DDEC5EF398D2815FAF2CBDD6E3C8A0,E75B50AAF9E8125E58481A0CFF44B539,73,1057,24837_Lidlfr_promo_1057_14499,Lidl.fr_promo,24837_Lidlfr_promo,24837,http://www.Lidl.fr/fr/offres-513.htm?id=590,,,,
24945_Lidlfr_promo_1057_14499,Nos offres/Jeudi 19/02|Maison/Jeudi 19/02,L'unité au choix,Mini commode,24945_Lidlfr_promo,,24945_Lidlfr_promo_1057,110,<strong class="price pricebutton" style="                color:#f3846a;            "> € 9.99*  L'unité au choix,2,9.99,14499,98739508E1EEBA6326D0E5CDD3908BBB,Mini commode,101C07A01239FB0F43AF3157747A4A6A,18/02/2015 13:49:54,€,1EE04EC3BC369C14A3E4BA4F5CF4D71E,E7D849AD71F30E44BED446AC00507F58,73,1057,24945_Lidlfr_promo_1057_14499,Lidl.fr_promo,24945_Lidlfr_promo,24945,http://www.Lidl.fr/fr/offres-513.htm?id=592,,,,
25016_Lidlfr_promo_1057_14499,Nos offres/Lundi 23/02|Extérieur/Lundi 23/02,Le pot de 25 L,Gel de protection du bois,25016_Lidlfr_promo,1 L = 3.19 €,25016_Lidlfr_promo_1057,111,<strong class="price pricebutton" style="                color:#4b650d;            "> € 7.99  Le pot de 25 L  1 L = 3.19 €,6,7.99,14499,FB9A25BA2C10024FCCE222BF224FA8EB,Gel de protection du bois,D9620403337E2772189655F119510407,18/02/2015 13:50:00,€,4784E31F6FC7F839747EA12D259541AD,7B080BAC7A1E553D6DA63936A525C619,73,1057,25016_Lidlfr_promo_1057_14499,Lidl.fr_promo,25016_Lidlfr_promo,25016,http://www.Lidl.fr/fr/offres-513.htm?id=594,,,,
25018_Lidlfr_promo_1057_14499,Nos offres/Lundi 23/02|Extérieur/Lundi 23/02,L'unité ou le set au choix,Accessoire(s) de jardinage,25018_Lidlfr_promo,,25018_Lidlfr_promo_1057,111,<strong class="price pricebutton" style="                color:#4b650d;            "> € 1.99  L'unité ou le set au choix,8,1.99,14499,7A66AED3E1A8AB2D9934B83DA72C3864,Accessoire(s) de jardinage,0EEE76941E4A13249283876A969FE52F,18/02/2015 13:50:01,€,9EDF69C3047F461FD958A711B0EBA37C,3E70BABF4BCFB88FF496D2F8326BA174,73,1057,25018_Lidlfr_promo_1057_14499,Lidl.fr_promo,25018_Lidlfr_promo,25018,http://www.Lidl.fr/fr/offres-513.htm?id=594,,,,
25021_Lidlfr_promo_1057_14499,Nos offres/Lundi 23/02|Extérieur/Lundi 23/02,L'unité,Sac à végétaux pliable,25021_Lidlfr_promo,,25021_Lidlfr_promo_1057,111,<strong class="price pricebutton" style="                color:#4b650d;            "> € 4.99  L'unité,9,4.99,14499,1EC0F43A4795A9E8131872CADE2DA298,Sac à végétaux pliable,F5F8506F63FACACAF7E14BCB1D2E774F,18/02/2015 13:50:01,€,9FD9F7D2F769F8BF0CF28E3229DCC9D6,4A6691C609E4D04769C91B4B6F2D5358,73,1057,25021_Lidlfr_promo_1057_14499,Lidl.fr_promo,25021_Lidlfr_promo,25021,http://www.Lidl.fr/fr/offres-513.htm?id=594,,,,
25140_Lidlfr_promo_1057_14499,Nos offres/Mercredi 25/02|Viandes de bœuf/Mercredi 25/02,170 g,Faux-filet,25140_Lidlfr_promo,1 kg = 17.59 €,25140_Lidlfr_promo_1057,113,<strong class="price pricebutton" style="                color:#eb212e;            "> € 2.99  170 g  1 kg = 17.59 €,3,2.99,14499,5DDB6D696DE47B9B7534A11AB2396128,Faux-filet,0B61C5733529150FD03647B89A297EB0,18/02/2015 13:50:14,€,72DBBEDAE37B80E8368D04B791A08D26,6CA2A46DDEF1AE69E6F8B205456FD3AE,73,1057,25140_Lidlfr_promo_1057_14499,Lidl.fr_promo,25140_Lidlfr_promo,25140,http://www.Lidl.fr/fr/offres-513.htm?id=597,,,,
25142_Lidlfr_promo_1057_14499,Nos offres/Mercredi 25/02|Viandes de bœuf/Mercredi 25/02,10 x 100 g,10 hachés au bœuf "Le tendre et savoureux",25142_Lidlfr_promo,,25142_Lidlfr_promo_1057,113,<strong class="price pricebutton" style="                color:#eb212e;            "> € 4.89  10 x 100 g,5,4.89,14499,3A14EEC11479106505D394BC73729C63,10 hachés au bœuf "Le tendre et savoureux",EEEBF5B1C4E2584DFBCC3815D3987556,18/02/2015 13:50:14,€,EBB74E7FF9C98194D496D938788B1FA1,9940DC91E5D2185602912EF38945FCEA,73,1057,25142_Lidlfr_promo_1057_14499,Lidl.fr_promo,25142_Lidlfr_promo,25142,http://www.Lidl.fr/fr/offres-513.htm?id=597,,,,
25144_Lidlfr_promo_1057_14499,Nos offres/Mercredi 25/02|Viandes de bœuf/Mercredi 25/02,4 x 100 g,Steak haché pur bœuf,25144_Lidlfr_promo,1 kg = 8.73 €,25144_Lidlfr_promo_1057,113,<strong class="price pricebutton" style="                color:#eb212e;            "> € 3.49  4 x 100 g  1 kg = 8.73 €,7,3.49,14499,FE289A62184C1F5E3652FE11A992D055,Steak haché pur bœuf,15363DE7CBA8C39C120E751F17494C26,18/02/2015 13:50:15,€,2DF21876EF63862B92F52CC66402ECF2,208C538E54592A60BDE61D93E10CDE94,73,1057,25144_Lidlfr_promo_1057_14499,Lidl.fr_promo,25144_Lidlfr_promo,25144,http://www.Lidl.fr/fr/offres-513.htm?id=597,,,,
25139_Lidlfr_promo_1057_14499,Nos offres/Mercredi 25/02|Viandes de bœuf/Mercredi 25/02,240 g,Bifteck,25139_Lidlfr_promo,1 kg = 13.54 €,25139_Lidlfr_promo_1057,113,<strong class="price pricebutton" style="                color:#eb212e;            "> € 3.25  240 g  1 kg = 13.54 €,1,3.25,14499,2E3EEE1020B74E07FFB169357EFE904B,Bifteck,08127709C6392F43304C9E8BC76FB195,18/02/2015 13:50:13,€,FB29586C7661E2BF4288011B30BFCC4F,077C7FB8FCF33CEC814D0BDE680AA041,73,1057,25139_Lidlfr_promo_1057_14499,Lidl.fr_promo,25139_Lidlfr_promo,25139,http://www.Lidl.fr/fr/offres-513.htm?id=597,,,,
25148_Lidlfr_promo_1057_14499,Nos offres/Mercredi 25/02|Viandes de bœuf/Mercredi 25/02,400 g,4 steaks hachés pur bœuf,25148_Lidlfr_promo,1 kg = 5.98 €,25148_Lidlfr_promo_1057,113,<small class="pricecut" style="                color:#ffffff;                            background-color:#B41E0A;                            border:1px solid #B41E0A;            "> -20% <em class="priceold" style="                border-left: 2px solid #B41E0A;            "> 2.99   <small class="specialdesc" style="                background-color: #B41E0A;            ">18/02 - 03/03  <strong class="price pricebutton" style="                color:#eb212e;            "> € 2.39    400 g  1 kg = 5.98 €,2,2.39,14499,9C6128F46A78D242EEE432DF59C4F219,4 steaks hachés pur bœuf,8AEF161A5A1D8FE2098B2D43C30639E3,18/02/2015 13:50:14,€,900AD775210D24E5D6FB82F95196D2C9,861771F24543EAB4B20BD2E057A44C39,73,1057,25148_Lidlfr_promo_1057_14499,Lidl.fr_promo,25148_Lidlfr_promo,25148,http://www.Lidl.fr/fr/offres-513.htm?id=597,-20%,18/02 - 03/03,2.99,
24949_Lidlfr_promo_1057_14499,Nos offres/Jeudi 19/02|Maison/Jeudi 19/02,L'unité au choix,Tablier de cuisine,24949_Lidlfr_promo,,24949_Lidlfr_promo_1057,110,<strong class="price pricebutton" style="                color:#f3846a;            "> € 3.99  L'unité au choix,7,3.99,14499,979C77802AED623E9888DB6886021BFD,Tablier de cuisine,C371AA0D022946D3E68AA8E2541CE9B2,18/02/2015 13:49:55,€,64174219A5C75EA4B5B6519701C7F8D1,2FF9DC13024F20C0D3CF1F9474C5A03F,73,1057,24949_Lidlfr_promo_1057_14499,Lidl.fr_promo,24949_Lidlfr_promo,24949,http://www.Lidl.fr/fr/offres-513.htm?id=592,,,,
24950_Lidlfr_promo_1057_14499,Nos offres/Jeudi 19/02|Maison/Jeudi 19/02,Le set au choix,Gant et manique,24950_Lidlfr_promo,,24950_Lidlfr_promo_1057,110,<strong class="price pricebutton" style="                color:#f3846a;            "> € 2.99  Le set au choix,8,2.99,14499,27C21BD8C93F753FF83A774B03882FFA,Gant et manique,C6F590B4C39C9E22677D76626F90A181,18/02/2015 13:49:55,€,DBD9084284FF1FEC4D5489F38C47B79B,EA16C8AD502B00DD6EB031B3FD35D738,73,1057,24950_Lidlfr_promo_1057_14499,Lidl.fr_promo,24950_Lidlfr_promo,24950,http://www.Lidl.fr/fr/offres-513.htm?id=592,,,,
24952_Lidlfr_promo_1057_14499,Nos offres/Jeudi 19/02|Maison/Jeudi 19/02,L'unité au choix,Coussin de chaise,24952_Lidlfr_promo,,24952_Lidlfr_promo_1057,110,<strong class="price pricebutton" style="                color:#f3846a;            "> € 4.99  L'unité au choix,10,4.99,14499,CFCDE28B44ED495CE196D3BC44D073EF,Coussin de chaise,81617E65F57DA313AFBE559655664AC6,18/02/2015 13:49:56,€,8C70A82A0998616D0AEE7E9B657B1DDA,C9CE98A38EBB27CCDB0E5083F2CFCDE7,73,1057,24952_Lidlfr_promo_1057_14499,Lidl.fr_promo,24952_Lidlfr_promo,24952,http://www.Lidl.fr/fr/offres-513.htm?id=592,,,,
25108_Lidlfr_promo_1057_14499,Nos offres/Mercredi 25/02|Savoie/Mercredi 25/02,75 cl,Vin de Savoie Terroirs d'Exception 2014 AOP,25108_Lidlfr_promo,1 L = 5.32 €,25108_Lidlfr_promo_1057,112,<strong class="price pricebutton" style="                color:#007d9b;            "> € 3.99  75 cl  1 L = 5.32 €,15,3.99,14499,FC497958E88CBF542BD0860F5E328A45,Vin de Savoie Terroirs d'Exception 2014 AOP,54729C10C1F2D48D64F9071A3855E374,18/02/2015 13:50:09,€,073BD473A66BF173B72EB5AA3A2173E5,97D59BBB0FA57E38380BF3415B38B044,73,1057,25108_Lidlfr_promo_1057_14499,Lidl.fr_promo,25108_Lidlfr_promo,25108,http://www.Lidl.fr/fr/offres-513.htm?id=596,,,,
25111_Lidlfr_promo_1057_14499,Nos offres/Mercredi 25/02|Savoie/Mercredi 25/02,400 g,Pralines aux amandes,25111_Lidlfr_promo,1 kg = 7.48 €,25111_Lidlfr_promo_1057,112,<strong class="price pricebutton" style="                color:#007d9b;            "> € 2.99  400 g  1 kg = 7.48 €,18,2.99,14499,6539C55D43797DA54B7D746B5C7AC827,Pralines aux amandes,AF3B99A850DCD53B4434201DA8436EF8,18/02/2015 13:50:10,€,7EA4D574FFA1F1DBBD2AA5667557A559,821B7564A31A15C15F5670DE9E5E127D,73,1057,25111_Lidlfr_promo_1057_14499,Lidl.fr_promo,25111_Lidlfr_promo,25111,http://www.Lidl.fr/fr/offres-513.htm?id=596,,,,
25104_Lidlfr_promo_1057_14499,Nos offres/Mercredi 25/02|Savoie/Mercredi 25/02,720 g,4 hachés de porc savoyards,25104_Lidlfr_promo,1 kg = 6.93 €,25104_Lidlfr_promo_1057,112,<strong class="price pricebutton" style="                color:#007d9b;            "> € 4.99  720 g  1 kg = 6.93 €,11,4.99,14499,2DAB478724A84CA4F66041099010C253,4 hachés de porc savoyards,6153754E0066E236969C86985298D0BA,18/02/2015 13:50:08,€,FD703B44361A425A7850D69BA5025CF0,DEBCAF71BEE6F0241371E32F2620B2DD,73,1057,25104_Lidlfr_promo_1057_14499,Lidl.fr_promo,25104_Lidlfr_promo,25104,http://www.Lidl.fr/fr/offres-513.htm?id=596,,,,
25106_Lidlfr_promo_1057_14499,Nos offres/Mercredi 25/02|Savoie/Mercredi 25/02,6 x 125 g,Yaourt de Savoie "Plaisir des Alpes",25106_Lidlfr_promo,1 kg = 2.92 €,25106_Lidlfr_promo_1057,112,<strong class="price pricebutton" style="                color:#007d9b;            "> € 2.19  6 x 125 g  1 kg = 2.92 €,13,2.19,14499,BEBB6C46E59528B5EEEAD71EAF87C6DB,Yaourt de Savoie "Plaisir des Alpes",CAF18F2CF7832EC98CD8F5612B7251DB,18/02/2015 13:50:08,€,B17EE6846994FEDF6DE7458AB8D05264,7C07C57FDAC8C86EDCA57EFCDC5134A1,73,1057,25106_Lidlfr_promo_1057_14499,Lidl.fr_promo,25106_Lidlfr_promo,25106,http://www.Lidl.fr/fr/offres-513.htm?id=596,,,,
25096_Lidlfr_promo_1057_14499,Nos offres/Mercredi 25/02|Savoie/Mercredi 25/02,250 g,Saucisson sec au beaufort,25096_Lidlfr_promo,1 kg = 10.36 €,25096_Lidlfr_promo_1057,112,<strong class="price pricebutton" style="                color:#007d9b;            "> € 2.59  250 g  1 kg = 10.36 €,2,2.59,14499,B449CF9B60C91C973A7AC7E543D76E89,Saucisson sec au beaufort,F98F0DBC798B0B109C0C3F72C78F4163,18/02/2015 13:50:05,€,8FB4B33609CB59878C7346ABA1D9F1CA,E72F04340BA52EEB59AAC43D472D1D31,73,1057,25096_Lidlfr_promo_1057_14499,Lidl.fr_promo,25096_Lidlfr_promo,25096,http://www.Lidl.fr/fr/offres-513.htm?id=596,,,,
25098_Lidlfr_promo_1057_14499,Nos offres/Mercredi 25/02|Savoie/Mercredi 25/02,600 g,Tartiflette au reblochon de Savoie AOP,25098_Lidlfr_promo,1 kg = 7.98 €,25098_Lidlfr_promo_1057,112,<strong class="price pricebutton" style="                color:#007d9b;            "> € 4.79  600 g  1 kg = 7.98 €,5,4.79,14499,FA17EE6B7CF2366C4C7A986B3A0A6A14,Tartiflette au reblochon de Savoie AOP,48C7337656C50DD66A07F405E62114F1,18/02/2015 13:50:06,€,A9B14F32D5602DBB793B8D358DA8FE73,1FE165377D4907F0EA45A5397520B85C,73,1057,25098_Lidlfr_promo_1057_14499,Lidl.fr_promo,25098_Lidlfr_promo,25098,http://www.Lidl.fr/fr/offres-513.htm?id=596,,,,
25100_Lidlfr_promo_1057_14499,Nos offres/Mercredi 25/02|Savoie/Mercredi 25/02,2 x 150 g au choix,Feuilletés,25100_Lidlfr_promo,1 kg = 5.97 €,25100_Lidlfr_promo_1057,112,<strong class="price pricebutton" style="                color:#007d9b;            "> € 1.79  2 x 150 g au choix  1 kg = 5.97 €,7,1.79,14499,1D48ED27F959AD21497588BEA2593575,Feuilletés,F25BEE5416347E67D46EC827D3739E4A,18/02/2015 13:50:07,€,86F1A86C9B45B2BB18575D64951E326B,92E84FA86A270EA72D92C0293FD678EE,73,1057,25100_Lidlfr_promo_1057_14499,Lidl.fr_promo,25100_Lidlfr_promo,25100,http://www.Lidl.fr/fr/offres-513.htm?id=596,,,,
25102_Lidlfr_promo_1057_14499,Nos offres/Mercredi 25/02|Savoie/Mercredi 25/02,300 g,Mini délices au beaufort,25102_Lidlfr_promo,1 kg = 4.97 €,25102_Lidlfr_promo_1057,112,<strong class="price pricebutton" style="                color:#007d9b;            "> € 1.49  300 g  1 kg = 4.97 €,9,1.49,14499,5B4AF43745AECBBB20F266382215B83E,Mini délices au beaufort,DB1C4A6C6E8AB995390890714E11956E,18/02/2015 13:50:07,€,A8216E5A9B242C3F2C22665891EA7443,934AE3FE682FD9B04E9A8B15DD789911,73,1057,25102_Lidlfr_promo_1057_14499,Lidl.fr_promo,25102_Lidlfr_promo,25102,http://www.Lidl.fr/fr/offres-513.htm?id=596,,,,
25012_Lidlfr_promo_1057_14499,Nos offres/Lundi 23/02|Extérieur/Lundi 23/02,Le pot de 750 ml,Peinture pour métaux,25012_Lidlfr_promo,1 L = 7.98 €,25012_Lidlfr_promo_1057,111,<strong class="price pricebutton" style="                color:#4b650d;            "> € 5.99  Le pot de 750 ml  1 L = 7.98 €,2,5.99,14499,1147B6284148FBF54F0283B589FE812E,Peinture pour métaux,CB7A4805EE06323D2105BE1579E0E5A7,18/02/2015 13:49:59,€,2C19730D98E427E74F487D548AC460FA,B71FAF915B91184A5C4DC56C7D6262DA,73,1057,25012_Lidlfr_promo_1057_14499,Lidl.fr_promo,25012_Lidlfr_promo,25012,http://www.Lidl.fr/fr/offres-513.htm?id=594,,,,
25014_Lidlfr_promo_1057_14499,Nos offres/Lundi 23/02|Extérieur/Lundi 23/02,Le pot de 1 L,Peinture blanche express,25014_Lidlfr_promo,,25014_Lidlfr_promo_1057,111,<strong class="price pricebutton" style="                color:#4b650d;            "> € 5.99  Le pot de 1 L,4,5.99,14499,26CFA99510B5CE22D04AF4660985DFC8,Peinture blanche express,F23C2CE9641D5176BBE470798E05B98D,18/02/2015 13:50:00,€,AAB55503E609E04AE783A3E657836F50,AD4064ED89C079795893AED6055C1A90,73,1057,25014_Lidlfr_promo_1057_14499,Lidl.fr_promo,25014_Lidlfr_promo,25014,http://www.Lidl.fr/fr/offres-513.htm?id=594,,,,
24921_Lidlfr_promo_1057_14499,Nos promos/Moins cher,Le sachet de 1 kg,Epinards en branches,24921_Lidlfr_promo,,24921_Lidlfr_promo_1057,115,<small class="pricecut" style="                color:#e52031;                            background-color:#ffffff;                            border:1px solid #e52031;            "> -19% <em class="priceold" style="                border-left: 2px solid #e52031;            "> 0.98   <small class="specialdesc" style="                background-color: #e52031;            ">18/02 - 24/02  <strong class="price pricebutton" style="                color:#e52031;            "> € 0.79    Le sachet de 1 kg,5,0.79,14499,BB1AFBBC3E2CD82812B11AE361EF1E80,Epinards en branches,46FCA908CBF522D44C581938238D0C0C,18/02/2015 13:50:25,€,52F75D82260864A61595DFDC68BF7D58,8EB7BE5A13CC39A3E56B78ABA08B2039,73,1057,24921_Lidlfr_promo_1057_14499,Lidl.fr_promo,24921_Lidlfr_promo,24921,http://www.Lidl.fr/fr/moins-cher.htm,-19%,18/02 - 24/02,0.98,
24923_Lidlfr_promo_1057_14499,Nos promos/Moins cher,6 x 125 g,Yoplait Perle de Lait nature,24923_Lidlfr_promo,1 kg = 2.37 €,24923_Lidlfr_promo_1057,115,<small class="pricecut" style="                color:#e52031;                            background-color:#ffffff;                            border:1px solid #e52031;            "> -20% <em class="priceold" style="                border-left: 2px solid #e52031;            "> 2.23   <small class="specialdesc" style="                background-color: #e52031;            ">18/02 - 24/02  <strong class="price pricebutton" style="                color:#e52031;            "> € 1.78    6 x 125 g  1 kg = 2.37 €,7,1.78,14499,1B5B3ABCC53741D47AD8795682F0BC30,Yoplait Perle de Lait nature,5C0EA735385501C8D5F94C9088A3FCE4,18/02/2015 13:50:25,€,1B5D7F64B81B802E1BDBCB6F2ACBEBA1,8FB4529686C80D0A7F8442F94024EB9F,73,1057,24923_Lidlfr_promo_1057_14499,Lidl.fr_promo,24923_Lidlfr_promo,24923,http://www.Lidl.fr/fr/moins-cher.htm,-20%,18/02 - 24/02,2.23,
24932_Lidlfr_promo_1057_14499,Nos promos/Moins cher,200 g au choix,Cookies au chocolat,24932_Lidlfr_promo,1 kg = 2.95 €,24932_Lidlfr_promo_1057,115,<small class="pricecut" style="                color:#e52031;                            background-color:#ffffff;                            border:1px solid #e52031;            "> -14% <em class="priceold" style="                border-left: 2px solid #e52031;            "> 0.69   <small class="specialdesc" style="                background-color: #e52031;            ">18/02 - 24/02  <strong class="price pricebutton" style="                color:#e52031;            "> € 0.59    200 g au choix  1 kg = 2.95 €,9,0.59,14499,7BECE1E8D64BBB4460FDCBAA962D91A3,Cookies au chocolat,2B299C725A4D6E76F30B5E64E43BA860,18/02/2015 13:50:25,€,CA8E6C8960BDD98B3A5EB292876ACB90,817FA9146E77F93396B5B4A108F58CFA,73,1057,24932_Lidlfr_promo_1057_14499,Lidl.fr_promo,24932_Lidlfr_promo,24932,http://www.Lidl.fr/fr/moins-cher.htm,-14%,18/02 - 24/02,0.69,
24934_Lidlfr_promo_1057_14499,Nos promos/Moins cher,5 x 38 g au choix,Mentos,24934_Lidlfr_promo,1 kg = 7.68 €,24934_Lidlfr_promo_1057,115,<small class="pricecut" style="                color:#e52031;                            background-color:#ffffff;                            border:1px solid #e52031;            "> -30% <em class="priceold" style="                border-left: 2px solid #e52031;            "> 2.09   <small class="specialdesc" style="                background-color: #e52031;            ">18/02 - 24/02  <strong class="price pricebutton" style="                color:#e52031;            "> € 1.46    5 x 38 g au choix  1 kg = 7.68 €,11,1.46,14499,0D2D3D90DB2EAEA362930B63E0E4D106,Mentos,2AB1B2B1B0FBF9DC8E97B333C5267CEE,18/02/2015 13:50:25,€,66F4681AB8405166DBADA8BCA04BE734,208983B70B0FC2F3844880698AF78A6F,73,1057,24934_Lidlfr_promo_1057_14499,Lidl.fr_promo,24934_Lidlfr_promo,24934,http://www.Lidl.fr/fr/moins-cher.htm,-30%,18/02 - 24/02,2.09,
24936_Lidlfr_promo_1057_14499,Nos promos/Moins cher,Soit le lot de 2 x 25 L,Le Chat Sensitive lessive liquide,24936_Lidlfr_promo,1 L = 2.55 €,24936_Lidlfr_promo_1057,115,<small class="pricecut" style="                color:#e52031;                            background-color:#ffffff;                            border:1px solid #e52031;            "> -50% sur le 2ème  <small class="specialdesc" style="                background-color: #e52031;            ">18/02 - 24/02  <strong class="price pricebutton" style="                color:#e52031;            "> € 12.73     Soit le lot de 2 x 25 L  1 L = 2.55 €,13,12.73,14499,C9FE6C447E8DD44984451FE8142381AF,Le Chat Sensitive lessive liquide,97A373AAF8CDD79C752266C919314FEA,18/02/2015 13:50:25,€,C668C6E241A4C8D1D454532482777E92,C0C29D6E2DD3F877B24A575D79081598,73,1057,24936_Lidlfr_promo_1057_14499,Lidl.fr_promo,24936_Lidlfr_promo,24936,http://www.Lidl.fr/fr/moins-cher.htm,-50% sur le 2ème,18/02 - 24/02,,
25159_Lidlfr_promo_1057_14499,Nos promos/Moins cher,480 g,4 saucisses de Toulouse,25159_Lidlfr_promo,1 kg = 4.35 €,25159_Lidlfr_promo_1057,115,<small class="pricecut" style="                color:#e52031;                            background-color:#ffffff;                            border:1px solid #e52031;            "> -21% <em class="priceold" style="                border-left: 2px solid #e52031;            "> 2.65   <small class="specialdesc" style="                background-color: #e52031;            ">25/02 - 03/03  <strong class="price pricebutton" style="                color:#e52031;            "> € 2.09    480 g  1 kg = 4.35 €,14,2.09,14499,E73ECEEA94CB88EC1AD17E96EAB6A903,4 saucisses de Toulouse,C278F8EB051770D1D49D39F100159085,18/02/2015 13:50:25,€,5964AEA1351CA78E94AF1616C30F9D2F,73A28B73543C4FE7C22EF24532315015,73,1057,25159_Lidlfr_promo_1057_14499,Lidl.fr_promo,25159_Lidlfr_promo,25159,http://www.Lidl.fr/fr/moins-cher.htm,-21%,25/02 - 03/03,2.65,
25160_Lidlfr_promo_1057_14499,Nos promos/Moins cher,340 g,4 diots de Savoie fumés,25160_Lidlfr_promo,1 kg = 5.85 €,25160_Lidlfr_promo_1057,115,<small class="pricecut" style="                color:#e52031;                            background-color:#ffffff;                            border:1px solid #e52031;            "> -20% <em class="priceold" style="                border-left: 2px solid #e52031;            "> 2.49   <small class="specialdesc" style="                background-color: #e52031;            ">25/02 - 03/03  <strong class="price pricebutton" style="                color:#e52031;            "> € 1.99    340 g  1 kg = 5.85 €,15,1.99,14499,02C2E2B1D347741983E32B870C0B997C,4 diots de Savoie fumés,C73424BB8CBEE8373E11A4B428EBA44B,18/02/2015 13:50:25,€,B281DA6E02F31DD52CF78071851B0032,24D1F9DBB53D751422970F91CAA12DF6,73,1057,25160_Lidlfr_promo_1057_14499,Lidl.fr_promo,25160_Lidlfr_promo,25160,http://www.Lidl.fr/fr/moins-cher.htm,-20%,25/02 - 03/03,2.49,
25162_Lidlfr_promo_1057_14499,Nos promos/Moins cher,225 g,Saucisson sec Label Rouge,25162_Lidlfr_promo,1 kg = 9.73 €,25162_Lidlfr_promo_1057,115,<small class="pricecut" style="                color:#e52031;                            background-color:#ffffff;                            border:1px solid #e52031;            "> -21% <em class="priceold" style="                border-left: 2px solid #e52031;            "> 2.79   <small class="specialdesc" style="                background-color: #e52031;            ">25/02 - 03/03  <strong class="price pricebutton" style="                color:#e52031;            "> € 2.19    225 g  1 kg = 9.73 €,17,2.19,14499,01F8BF5BFBF337AE759977A03444D555,Saucisson sec Label Rouge,61D15A3123C6FC11E4B17B6B73B5E7F0,18/02/2015 13:50:25,€,882C5ED968D40EAC7D42673EB02B8943,53EFC88B91116CC2A1C96CB17DDAC5CF,73,1057,25162_Lidlfr_promo_1057_14499,Lidl.fr_promo,25162_Lidlfr_promo,25162,http://www.Lidl.fr/fr/moins-cher.htm,-21%,25/02 - 03/03,2.79,
25164_Lidlfr_promo_1057_14499,Nos promos/Moins cher,500 g,Feuillantine comtoise,25164_Lidlfr_promo,1 kg = 6.38 €,25164_Lidlfr_promo_1057,115,<small class="pricecut" style="                color:#e52031;                            background-color:#ffffff;                            border:1px solid #e52031;            "> -20% <em class="priceold" style="                border-left: 2px solid #e52031;            "> 3.99   <small class="specialdesc" style="                background-color: #e52031;            ">25/02 - 03/03  <strong class="price pricebutton" style="                color:#e52031;            "> € 3.19    500 g  1 kg = 6.38 €,19,3.19,14499,2EA180BDAA7B303CC171B3C5FCA43ADE,Feuillantine comtoise,6F57FECECD3697301BF95DD8AA4230F3,18/02/2015 13:50:25,€,8822E544A309E1D22CDDA7F52B6F50D0,7B4D37D410B3B267742787492C5CCA46,73,1057,25164_Lidlfr_promo_1057_14499,Lidl.fr_promo,25164_Lidlfr_promo,25164,http://www.Lidl.fr/fr/moins-cher.htm,-20%,25/02 - 03/03,3.99,
25166_Lidlfr_promo_1057_14499,Nos promos/Moins cher,Le kilo,Cantal entre-deux AOP,25166_Lidlfr_promo,,25166_Lidlfr_promo_1057,115,<small class="pricecut" style="                color:#e52031;                            background-color:#ffffff;                            border:1px solid #e52031;            "> -16% sur prix kilo <em class="priceold" style="                border-left: 2px solid #e52031;            "> 8.30   <small class="specialdesc" style="                background-color: #e52031;            ">25/02 - 03/03  <strong class="price pricebutton" style="                color:#e52031;            "> € 6.89    Le kilo,21,6.89,14499,78AAB42961AFD9E3AFFB800BC062D1FE,Cantal entre-deux AOP,B83B755B5312B84CCCB828D992555CC2,18/02/2015 13:50:26,€,B03DF2ABD60E0740A3C0F0DA18EBF9F6,CEACAF9856F429DADABB36E45A45C7E2,73,1057,25166_Lidlfr_promo_1057_14499,Lidl.fr_promo,25166_Lidlfr_promo,25166,http://www.Lidl.fr/fr/moins-cher.htm,-16% sur prix kilo,25/02 - 03/03,8.30,
25168_Lidlfr_promo_1057_14499,Nos promos/Moins cher,250 g,Madeleines,25168_Lidlfr_promo,1 kg = 5.16 €,25168_Lidlfr_promo_1057,115,<small class="pricecut" style="                color:#e52031;                            background-color:#ffffff;                            border:1px solid #e52031;            "> -18% <em class="priceold" style="                border-left: 2px solid #e52031;            "> 1.59   <small class="specialdesc" style="                background-color: #e52031;            ">25/02 - 03/03  <strong class="price pricebutton" style="                color:#e52031;            "> € 1.29    250 g  1 kg = 5.16 €,23,1.29,14499,F884AE2317855C3BB7C974CD74D79618,Madeleines,F924152E4B665E356A025D5EC9A468AE,18/02/2015 13:50:26,€,2CD1A3A20D3E42AEBE25B28458257203,2EED49993F93259B52FE9AD0F9D0C190,73,1057,25168_Lidlfr_promo_1057_14499,Lidl.fr_promo,25168_Lidlfr_promo,25168,http://www.Lidl.fr/fr/moins-cher.htm,-18%,25/02 - 03/03,1.59,
25171_Lidlfr_promo_1057_14499,Nos promos/Moins cher,75 cl,Côtes du Rhône Domaine AOP,25171_Lidlfr_promo,1 L = 2.65 €,25171_Lidlfr_promo_1057,115,<small class="pricecut" style="                color:#e52031;                            background-color:#ffffff;                            border:1px solid #e52031;            "> Moins cher ! <em class="priceold" style="                border-left: 2px solid #e52031;            "> 2.19   <small class="specialdesc" style="                background-color: #e52031;            ">25/02 - 03/03  <strong class="price pricebutton" style="                color:#e52031;            "> € 1.99    75 cl  1 L = 2.65 €,26,1.99,14499,B24A658FE4040F018ADD9E20411C26BC,Côtes du Rhône Domaine AOP,A2A09A310144D8B9804DB723722133C7,18/02/2015 13:50:26,€,F991EB40FA11C7089BA83D107252FA2B,3F485403B8671C13C3BF51FEE6E02132,73,1057,25171_Lidlfr_promo_1057_14499,Lidl.fr_promo,25171_Lidlfr_promo,25171,http://www.Lidl.fr/fr/moins-cher.htm,Moins cher !,25/02 - 03/03,2.19,
24981_Lidlfr_promo_1057_14499,Nos promos/Bonnes affaires,L'unité au choix,Cadenas,24981_Lidlfr_promo,,24981_Lidlfr_promo_1057,119,<small class="specialdesc" style="                background-color: #1f4fb8;            ">19/02 - 19/02  <strong class="price pricebutton" style="                color:#1f4fb8;            "> € 4.99    L'unité au choix,1,4.99,14499,9AA6F34CDC4C32F13BF251DAB6F54F3C,Cadenas,EBEED59850AC7649328828A8D1428253,18/02/2015 13:50:46,€,A4CA5384F94CDCFA616DF7AEF871694B,9ADBAADF095C8DE0D2D0B53FE92A5DBB,73,1057,24981_Lidlfr_promo_1057_14499,Lidl.fr_promo,24981_Lidlfr_promo,24981,http://www.Lidl.fr/fr/bonnes-affaires.htm,,19/02 - 19/02,,
24990_Lidlfr_promo_1057_14499,Nos promos/Bonnes affaires,L'unité au choix,Jeu de construction,24990_Lidlfr_promo,,24990_Lidlfr_promo_1057,119,<small class="specialdesc" style="                background-color: #1f4fb8;            ">19/02 - 19/02  <strong class="price pricebutton" style="                color:#1f4fb8;            "> € 7.99    L'unité au choix,2,7.99,14499,236F73BB129F25B0CB70223223B12BA5,Jeu de construction,7F59D613353F567A2589778268D531CA,18/02/2015 13:50:46,€,8FAA91D8148890F2523E38BA7A9CAED7,D2B6D861D66FA14BB7CF8C6112D13E0D,73,1057,24990_Lidlfr_promo_1057_14499,Lidl.fr_promo,24990_Lidlfr_promo,24990,http://www.Lidl.fr/fr/bonnes-affaires.htm,,19/02 - 19/02,,
24992_Lidlfr_promo_1057_14499,Nos promos/Bonnes affaires,L'unité au choix,Voiture télécommandée,24992_Lidlfr_promo,,24992_Lidlfr_promo_1057,119,<small class="specialdesc" style="                background-color: #1f4fb8;            ">19/02 - 19/02  <strong class="price pricebutton" style="                color:#1f4fb8;            "> € 17.99 *   L'unité au choix,4,17.99,14499,88E3BDC448188C614B760E75C86BCFE3,Voiture télécommandée,CC3D5F750900317222BA32CE56E5E043,18/02/2015 13:50:47,€,689CA032D291A287B79EEF4344A48273,E809EFCDEDFD3421D6AF8AA39F754F7B,73,1057,24992_Lidlfr_promo_1057_14499,Lidl.fr_promo,24992_Lidlfr_promo,24992,http://www.Lidl.fr/fr/bonnes-affaires.htm,,19/02 - 19/02,,
25043_Lidlfr_promo_1057_14499,Nos promos/Fruits & légumes,Le filet de 500 g,Oignons rouges,25043_Lidlfr_promo,1 kg = 2.98 €,25043_Lidlfr_promo_1057,117,<small class="specialdesc" style="                background-color: #f1830c;            ">18/02 - 21/02  <strong class="price pricebutton" style="                color:#cf6d04;            "> € 1.49    Le filet de 500 g  1 kg = 2.98 €,3,1.49,14499,AF0D27B2AABD25532583F4EC8394FFB3,Oignons rouges,32033080EE6A50D15B3577724CD968E6,18/02/2015 13:50:39,€,91F8759F8FCEC798D5CC74AE131DF05F,E8F4D8F59F34AC30A908AF58D123135A,73,1057,25043_Lidlfr_promo_1057_14499,Lidl.fr_promo,25043_Lidlfr_promo,25043,http://www.Lidl.fr/fr/fruits-legumes.htm,,18/02 - 21/02,,
25047_Lidlfr_promo_1057_14499,Nos promos/Fruits & légumes,Le filet de 25 kg,Pommes de terre rouges,25047_Lidlfr_promo,1 kg = 0.40 €,25047_Lidlfr_promo_1057,117,<small class="specialdesc" style="                background-color: #f1830c;            ">18/02 - 21/02  <strong class="price pricebutton" style="                color:#cf6d04;            "> € 0.99    Le filet de 25 kg  1 kg = 0.40 €,5,0.99,14499,DCC459F5A1FCA514DA0FE164AC745002,Pommes de terre rouges,89CB4A20E48EA8AD895179D261884DAB,18/02/2015 13:50:39,€,DC3AC74E946933713FA6EA3D4C962DDC,4DAAB94B22B63A9E47C1762083A4C9E0,73,1057,25047_Lidlfr_promo_1057_14499,Lidl.fr_promo,25047_Lidlfr_promo,25047,http://www.Lidl.fr/fr/fruits-legumes.htm,,18/02 - 21/02,,
25036_Lidlfr_promo_1057_14499,Nos promos/Super samedi,75 cl,Zinfandel Vin de Californie rosé,25036_Lidlfr_promo,1 L = 1.72 €,25036_Lidlfr_promo_1057,116,<small class="pricecut" style="                color:#e52031;                            background-color:#ffffff;                            border:1px solid #e52031;            "> -50% <em class="priceold" style="                border-left: 2px solid #e52031;            "> 2.59   <small class="specialdesc" style="                background-color: #e52031;            ">21/02 - 21/02  <strong class="price pricebutton" style="                color:#e52031;            "> € 1.29    75 cl  1 L = 1.72 €,1,1.29,14499,9CAA62442A7CC7965124772DA6F2296B,Zinfandel Vin de Californie rosé,F3570C068F4D55305522359D08752FFC,18/02/2015 13:50:29,€,C7E5E2A5F344ED883925112903286525,DA383B7F4FB8B92BB70373274BFA6879,73,1057,25036_Lidlfr_promo_1057_14499,Lidl.fr_promo,25036_Lidlfr_promo,25036,http://www.Lidl.fr/fr/super-samedi.htm,-50%,21/02 - 21/02,2.59,
24918_Lidlfr_promo_1057_14499,Nos promos/Moins cher,10 x 100 g,10 burgers à l'oignon,24918_Lidlfr_promo,,24918_Lidlfr_promo_1057,115,<small class="pricecut" style="                color:#e52031;                            background-color:#ffffff;                            border:1px solid #e52031;            "> -13% <em class="priceold" style="                border-left: 2px solid #e52031;            "> 3.59   <small class="specialdesc" style="                background-color: #e52031;            ">18/02 - 24/02  <strong class="price pricebutton" style="                color:#e52031;            "> € 3.09    10 x 100 g,2,3.09,14499,71EA4498975C19C94D97632A94530547,10 burgers à l'oignon,AE97EACF426B91A96E3019944A5B7844,18/02/2015 13:50:24,€,2A832FF86415E32665EFA17E24CE6C92,F1F8D9E8023B645373B6363E6A6EC18C,73,1057,24918_Lidlfr_promo_1057_14499,Lidl.fr_promo,24918_Lidlfr_promo,24918,http://www.Lidl.fr/fr/moins-cher.htm,-13%,18/02 - 24/02,3.59,
25146_Lidlfr_promo_1057_14499,Nos offres/Mercredi 25/02|Viandes de bœuf/Mercredi 25/02,800 g,Viande hachée pur bœuf,25146_Lidlfr_promo,1 kg = 6.24 €,25146_Lidlfr_promo_1057,113,<strong class="price pricebutton" style="                color:#eb212e;            "> € 4.99  800 g  1 kg = 6.24 €,9,4.99,14499,B1713CBB8345EAF4E9A08E731E6B739E,Viande hachée pur bœuf,2875E775E45F8EF425578ED31E590898,18/02/2015 13:50:15,€,57E4E5A7E2374E25E266EE0D1945E796,8C317A7C6C3E9BD6382554CE9F0811AA,73,1057,25146_Lidlfr_promo_1057_14499,Lidl.fr_promo,25146_Lidlfr_promo,25146,http://www.Lidl.fr/fr/offres-513.htm?id=597,,,,
25041_Lidlfr_promo_1057_14499,Nos promos/Fruits & légumes,Le filet de 1 kg,Tomates,25041_Lidlfr_promo,,25041_Lidlfr_promo_1057,117,<small class="specialdesc" style="                background-color: #f1830c;            ">18/02 - 21/02  <strong class="price pricebutton" style="                color:#cf6d04;            "> € 0.99    Le filet de 1 kg,1,0.99,14499,B3C5ED276F9D7F1493AB2E77658B92B8,Tomates,4308AEDADE7F3876F043FCC678B4D231,18/02/2015 13:50:38,€,E49D63DF60EF85D7CF523F168B4684C2,F0B77BE6BB9550347D8763F2518CB312,73,1057,25041_Lidlfr_promo_1057_14499,Lidl.fr_promo,25041_Lidlfr_promo,25041,http://www.Lidl.fr/fr/fruits-legumes.htm,,18/02 - 21/02,,
24974_Lidlfr_promo_1057_14499,Nos promos/Plantes & fleurs,La barquette de 10 plans,Primevère acaulis,24974_Lidlfr_promo,Le 18/02,24974_Lidlfr_promo_1057,118,<strong class="price pricebutton" style="                color:#f05660;            "> € 2.49  La barquette de 10 plans  Le 18/02,2,2.49,14499,803217FCA54B74A204BD3902B3C021BF,Primevère acaulis,224B750951B244A0B7E7F20122E7C91D,18/02/2015 13:50:43,€,426BE90AA330DA37383134CC937B899D,F138E593207A9B63CE9A539AA94337BC,73,1057,24974_Lidlfr_promo_1057_14499,Lidl.fr_promo,24974_Lidlfr_promo,24974,http://www.Lidl.fr/fr/plantes-fleurs.htm,,,,
24866_Lidlfr_promo_601_14499,Nos offres/Mercredi 18/02|USA/Mercredi 18/02,450 g,Flips géants,24866_Lidlfr_promo,1 kg = 4.42 €,24866_Lidlfr_promo_601,123,<strong class="price pricebutton" style="                color:#d83b30;            "> € 1.99  450 g  1 kg = 4.42 €,1,1.99,14499,75CE736F195E0E09E33CE8966E8F5802,Flips géants,CC9987FAF5D5069F98AC99B2A401DA66,18/02/2015 13:51:10,€,491D59ECDD5ECEED0F9E33992482E135,FC524D9465535E3F32C487236668155F,83,601,24866_Lidlfr_promo_601_14499,Lidl.fr_promo,24866_Lidlfr_promo,24866,http://www.Lidl.fr/fr/offres-513.htm?id=591,,,,
24868_Lidlfr_promo_601_14499,Nos offres/Mercredi 18/02|USA/Mercredi 18/02,200 g au choix,Cruspies,24868_Lidlfr_promo,1 kg = 4.45 €,24868_Lidlfr_promo_601,123,<strong class="price pricebutton" style="                color:#d83b30;            "> € 0.89  200 g au choix  1 kg = 4.45 €,3,0.89,14499,44227BE6553087EE138647BA184C65B7,Cruspies,B74D3DA6BAF0AAA1764095B8389188C7,18/02/2015 13:51:11,€,FE3BEDB1DF04B9A10F0BC51DE84DF789,90DA3608667E990227E76560921E5FA7,83,601,24868_Lidlfr_promo_601_14499,Lidl.fr_promo,24868_Lidlfr_promo,24868,http://www.Lidl.fr/fr/offres-513.htm?id=591,,,,
24758_Lidlfr_promo_601_14499,Nos offres/Lundi 16/02|Auto/Moto/Lundi 16/02,L'unité au choix,Caleçon technique de moto homme,24758_Lidlfr_promo,,24758_Lidlfr_promo_601,122,<strong class="price pricebutton" style="                color:#f17230;            "> € 11.99  L'unité au choix,4,11.99,14499,FC9C05DE083CA107D09403273CADB41E,Caleçon technique de moto homme,033B2055A1C620E4E0E3B5D8AE225E9C,18/02/2015 13:51:04,€,143C3A55CA687D5601EAA7CC6B5BB05A,F6423457AD5DAA885F892D5ABAC69A43,83,601,24758_Lidlfr_promo_601_14499,Lidl.fr_promo,24758_Lidlfr_promo,24758,http://www.Lidl.fr/fr/offres-513.htm?id=589,,,,
24761_Lidlfr_promo_601_14499,Nos offres/Lundi 16/02|Auto/Moto/Lundi 16/02,L'unité,Top case pour scooter,24761_Lidlfr_promo,,24761_Lidlfr_promo_601,122,<strong class="price pricebutton" style="                color:#f17230;            "> € 29.99  L'unité,6,29.99,14499,7F502620FB0B34204FF6BFB7BB130848,Top case pour scooter,3F0550983CD6B8A678C82D5A0F7AE2E0,18/02/2015 13:51:04,€,C9E750E679BD6B4F0C2CEC9DD46DF4B5,C4BD5C1E2AD0C73F8682C1719013B642,83,601,24761_Lidlfr_promo_601_14499,Lidl.fr_promo,24761_Lidlfr_promo,24761,http://www.Lidl.fr/fr/offres-513.htm?id=589,,,,
24763_Lidlfr_promo_601_14499,Nos offres/Lundi 16/02|Auto/Moto/Lundi 16/02,La paire au choix,Lunettes de soleil sport,24763_Lidlfr_promo,,24763_Lidlfr_promo_601,122,<strong class="price pricebutton" style="                color:#f17230;            "> € 3.99  La paire au choix,8,3.99,14499,CFE0661780F8BB3D8929E7EB750AD581,Lunettes de soleil sport,FAFB419CEBE259FA35B8B3BC987EBDC5,18/02/2015 13:51:05,€,7232FBF585CF47AC3515E25A5699A442,9E8375D4BEA951A9E639CF4FA7EFA3DD,83,601,24763_Lidlfr_promo_601_14499,Lidl.fr_promo,24763_Lidlfr_promo,24763,http://www.Lidl.fr/fr/offres-513.htm?id=589,,,,
24765_Lidlfr_promo_601_14499,Nos offres/Lundi 16/02|Auto/Moto/Lundi 16/02,L'unité,Couvre-selle pour scooter,24765_Lidlfr_promo,,24765_Lidlfr_promo_601,122,<strong class="price pricebutton" style="                color:#f17230;            "> € 6.99  L'unité,10,6.99,14499,B35290AA7D48EDA8FEC1BCB7997F5881,Couvre-selle pour scooter,14B5B161498D010F5F5E1FB70FAFFC1E,18/02/2015 13:51:05,€,47588E21472EECFFC300C95FE03104A1,511A767823E5718ACE2B93439CD79AC2,83,601,24765_Lidlfr_promo_601_14499,Lidl.fr_promo,24765_Lidlfr_promo,24765,http://www.Lidl.fr/fr/offres-513.htm?id=589,,,,
24789_Lidlfr_promo_601_14499,Nos offres/Lundi 16/02|Mode enfant/Lundi 16/02,La paire au choix,Bottes de pluie enfant,24789_Lidlfr_promo,,24789_Lidlfr_promo_601,121,<strong class="price pricebutton" style="                color:#ee73aa;            "> € 9.99*  La paire au choix,1,9.99,14499,466FA431B04ADC4F270ECE5623BC69CD,Bottes de pluie enfant,E7E8E68B79DA5310F796EB9B11397B29,18/02/2015 13:50:59,€,B7275F7F426DEF96CCD7C4F67A7FF937,414E181C908E9B035425E6C057C288E5,83,601,24789_Lidlfr_promo_601_14499,Lidl.fr_promo,24789_Lidlfr_promo,24789,http://www.Lidl.fr/fr/offres-513.htm?id=588,,,,
24790_Lidlfr_promo_601_14499,Nos offres/Lundi 16/02|Mode enfant/Lundi 16/02,L'unité au choix,Veste imperméable garçon,24790_Lidlfr_promo,,24790_Lidlfr_promo_601,121,<strong class="price pricebutton" style="                color:#ee73aa;            "> € 9.99  L'unité au choix,2,9.99,14499,A8B2F7E8E0A51080F80004E7B75F34DA,Veste imperméable garçon,9104DB9AD1323035DD8D9095A0B0321A,18/02/2015 13:50:59,€,68AF1DC5BC19952C2179CD03949E2643,C573F25877C971C5CA3AA000F1EDCA35,83,601,24790_Lidlfr_promo_601_14499,Lidl.fr_promo,24790_Lidlfr_promo,24790,http://www.Lidl.fr/fr/offres-513.htm?id=588,,,,
24767_Lidlfr_promo_601_14499,Nos offres/Lundi 16/02|Auto/Moto/Lundi 16/02,Le set,Câbles de démarrage aluminium,24767_Lidlfr_promo,,24767_Lidlfr_promo_601,122,<strong class="price pricebutton" style="                color:#f17230;            "> € 9.99  Le set,12,9.99,14499,85DB49D16E5DDA6BA964EEB583C9CA2E,Câbles de démarrage aluminium,40FB6AAA30910278050FAA462CE0777E,18/02/2015 13:51:06,€,DA432637312F0AE69738F3BE8D638EB0,8158A29C3B5E8D4E8D591D607CFE77B0,83,601,24767_Lidlfr_promo_601_14499,Lidl.fr_promo,24767_Lidlfr_promo,24767,http://www.Lidl.fr/fr/offres-513.htm?id=589,,,,
24769_Lidlfr_promo_601_14499,Nos offres/Lundi 16/02|Auto/Moto/Lundi 16/02,L'unité,Protège pare-brise,24769_Lidlfr_promo,,24769_Lidlfr_promo_601,122,<strong class="price pricebutton" style="                color:#f17230;            "> € 1.99  L'unité,14,1.99,14499,1016AB8C711CD94605566A9C1F8D61F8,Protège pare-brise,95F7D4CDD29968C546BB06A4832F4BE3,18/02/2015 13:51:06,€,6CA14624B2672A73D83A6004B13F97F4,C113616DEDB792F022356B9A8295C00D,83,601,24769_Lidlfr_promo_601_14499,Lidl.fr_promo,24769_Lidlfr_promo,24769,http://www.Lidl.fr/fr/offres-513.htm?id=589,,,,
24871_Lidlfr_promo_601_14499,Nos offres/Mercredi 18/02|USA/Mercredi 18/02,500 g,Filets de poulet panés,24871_Lidlfr_promo,1 kg = 6.58 €,24871_Lidlfr_promo_601,123,<strong class="price pricebutton" style="                color:#d83b30;            "> € 3.29  500 g  1 kg = 6.58 €,6,3.29,14499,C1354A0B0EC0EF1D9B09F5F75E1E714F,Filets de poulet panés,59C8B00AA8BBA0047C0647FFB10B9BA6,18/02/2015 13:51:11,€,47FF95DFC89C9B7741AAAB3893F18B83,4D57C8AC8153E8565A307084434A7355,83,601,24871_Lidlfr_promo_601_14499,Lidl.fr_promo,24871_Lidlfr_promo,24871,http://www.Lidl.fr/fr/offres-513.htm?id=591,,,,
24770_Lidlfr_promo_601_14499,Nos offres/Lundi 16/02|Auto/Moto/Lundi 16/02,L'unité au choix,Réhausseur de siège enfant gr. 2/3,24770_Lidlfr_promo,,24770_Lidlfr_promo_601,122,<strong class="price pricebutton" style="                color:#f17230;            "> € 11.99  L'unité au choix,15,11.99,14499,30C7F19D7A8824901B6490F15B01608F,Réhausseur de siège enfant gr. 2/3,40DD78AA4C7F5347F1087F424E33E38B,18/02/2015 13:51:07,€,2ACD4A7D88CF80D2FCA7EDCA045A51A4,9C677BD9EAD4EA4926C59A7D0467881D,83,601,24770_Lidlfr_promo_601_14499,Lidl.fr_promo,24770_Lidlfr_promo,24770,http://www.Lidl.fr/fr/offres-513.htm?id=589,,,,
24792_Lidlfr_promo_601_14499,Nos offres/Lundi 16/02|Mode enfant/Lundi 16/02,La paire au choix,Chaussettes chaudes fille ou garçon,24792_Lidlfr_promo,,24792_Lidlfr_promo_601,121,<strong class="price pricebutton" style="                color:#ee73aa;            "> € 1.99  La paire au choix,4,1.99,14499,FCFD99C0E0781189B40B0A50F12E9DB9,Chaussettes chaudes fille ou garçon,709C597DB1E8ECA3597E155030E16B97,18/02/2015 13:51:00,€,CC84E01E4F221C2BF8F5EBE397A0DE44,A962A696F2D82CFF7B5425A562468A46,83,601,24792_Lidlfr_promo_601_14499,Lidl.fr_promo,24792_Lidlfr_promo,24792,http://www.Lidl.fr/fr/offres-513.htm?id=588,,,,
24756_Lidlfr_promo_601_14499,Nos offres/Lundi 16/02|Auto/Moto/Lundi 16/02,L'unité,Atlas routier,24756_Lidlfr_promo,,24756_Lidlfr_promo_601,122,<strong class="price pricebutton" style="                color:#f17230;            "> € 4.99  L'unité,2,4.99,14499,C66B9E5B7D1D2357A845DFA37C28DBC0,Atlas routier,6C2BD5E756233BA9FCC504218EB53091,18/02/2015 13:51:03,€,92B36B1B64E96504A9E8C3C426A3EBFE,2CA59FD9C3117F138E722E13597F2B0B,83,601,24756_Lidlfr_promo_601_14499,Lidl.fr_promo,24756_Lidlfr_promo,24756,http://www.Lidl.fr/fr/offres-513.htm?id=589,,,,
24877_Lidlfr_promo_601_14499,Nos offres/Mercredi 18/02|USA/Mercredi 18/02,250 ml,Sirop d'érable,24877_Lidlfr_promo,1 L = 13.96 €,24877_Lidlfr_promo_601,123,<strong class="price pricebutton" style="                color:#d83b30;            "> € 3.49  250 ml  1 L = 13.96 €,13,3.49,14499,22D7892E667D070A72064E9C340816D2,Sirop d'érable,F7A62CC8ABAEC741B778BB480C3AC595,18/02/2015 13:51:13,€,5A285E3A4D2207F9AAC17FD741EF8506,8F4131479DEFDE8DC2F27D096C15D72F,83,601,24877_Lidlfr_promo_601_14499,Lidl.fr_promo,24877_Lidlfr_promo,24877,http://www.Lidl.fr/fr/offres-513.htm?id=591,,,,
24879_Lidlfr_promo_601_14499,Nos offres/Mercredi 18/02|USA/Mercredi 18/02,240 g au choix,8 mini brownies,24879_Lidlfr_promo,1 kg = 5.79 €,24879_Lidlfr_promo_601,123,<strong class="price pricebutton" style="                color:#d83b30;            "> € 1.39  240 g au choix  1 kg = 5.79 €,15,1.39,14499,124F0E1E702734E2978A3DF91F9AF601,8 mini brownies,C704035897EB13A0F542CA8353DB393E,18/02/2015 13:51:14,€,72688FD5A200273D5989CBF26761CF84,52B8BC3917542528942A2D02A624D123,83,601,24879_Lidlfr_promo_601_14499,Lidl.fr_promo,24879_Lidlfr_promo,24879,http://www.Lidl.fr/fr/offres-513.htm?id=591,,,,
24880_Lidlfr_promo_601_14499,Nos offres/Mercredi 18/02|USA/Mercredi 18/02,150 g au choix,Préparation laitière américaine,24880_Lidlfr_promo,1 kg = 3.27 €,24880_Lidlfr_promo_601,123,<strong class="price pricebutton" style="                color:#d83b30;            "> € 0.49  150 g au choix  1 kg = 3.27 €,16,0.49,14499,48CD93475F83DEB526CB19B8A162DF72,Préparation laitière américaine,D065D10B41E986647A43464657DBE3C5,18/02/2015 13:51:14,€,D1FA3154FB1F06E25EA622A83BC5D7E0,592F69EB8605FAF19BB15D0B370CFAC8,83,601,24880_Lidlfr_promo_601_14499,Lidl.fr_promo,24880_Lidlfr_promo,24880,http://www.Lidl.fr/fr/offres-513.htm?id=591,,,,
24873_Lidlfr_promo_601_14499,Nos offres/Mercredi 18/02|USA/Mercredi 18/02,440 g au choix,Pizza américaine,24873_Lidlfr_promo,1 kg = 4.30 €,24873_Lidlfr_promo_601,123,<strong class="price pricebutton" style="                color:#d83b30;            "> € 1.89  440 g au choix  1 kg = 4.30 €,8,1.89,14499,E6B439804D4D1E0C0FA1528E0789493C,Pizza américaine,96302457CBA9FE875EB52DB58B59D7AC,18/02/2015 13:51:12,€,F172F68521B079B895F1A5257E02CF48,DF3ABFAA6336C64811B77E86B9CB17B0,83,601,24873_Lidlfr_promo_601_14499,Lidl.fr_promo,24873_Lidlfr_promo,24873,http://www.Lidl.fr/fr/offres-513.htm?id=591,,,,
24905_Lidlfr_promo_601_14499,Nos offres/Mercredi 18/02|USA/Mercredi 18/02,190 g au choix,Tortilla de blé fourrée,24905_Lidlfr_promo,1 kg = 12.45 €,24905_Lidlfr_promo_601,123,<strong class="price pricebutton" style="                color:#d83b30;            "> € 2.29  190 g au choix  1 kg = 12.45 €,9,2.29,14499,5A1D4FC08011ABFA58B5AF722004A61A,Tortilla de blé fourrée,2BF43C9F41B56E0630EB6DCA04C71D00,18/02/2015 13:51:12,€,970DB78FE53F94F98000948D009BF851,2708FBA0DC4216AB4AB4DE1FC0C49862,83,601,24905_Lidlfr_promo_601_14499,Lidl.fr_promo,24905_Lidlfr_promo,24905,http://www.Lidl.fr/fr/offres-513.htm?id=591,,,,
24907_Lidlfr_promo_601_14499,Nos offres/Mercredi 18/02|USA/Mercredi 18/02,230 ml au choix,Milkshake,24907_Lidlfr_promo,1 L = 3.43 €,24907_Lidlfr_promo_601,123,<strong class="price pricebutton" style="                color:#d83b30;            "> € 0.79  230 ml au choix  1 L = 3.43 €,10,0.79,14499,A2E8DE8E09A1E63C52AE2B5AAE9E00FD,Milkshake,A27615632D82BEE7BCC7C0618AFE35C1,18/02/2015 13:51:12,€,4E1A4488D813335D1FFCE24C2159AA6F,CCD9F73A3BB415A32B0708B0821761C4,83,601,24907_Lidlfr_promo_601_14499,Lidl.fr_promo,24907_Lidlfr_promo,24907,http://www.Lidl.fr/fr/offres-513.htm?id=591,,,,
24837_Lidlfr_promo_601_14499,Nos offres/Jeudi 19/02|Douce nuit/Jeudi 19/02,L'unité,Oreiller ergonomique en microfibre,24837_Lidlfr_promo,,24837_Lidlfr_promo_601,124,<strong class="price pricebutton" style="                color:#a65c9b;            "> € 8.99  L'unité,3,8.99,14499,16D26546EF541F433C228B4DD5AD3FFA,Oreiller ergonomique en microfibre,9583FE69E9383616D3721C4CC9369F80,18/02/2015 13:51:18,€,7A2286D8C8BD2A72449BF479AD861C05,E75B50AAF9E8125E58481A0CFF44B539,83,601,24837_Lidlfr_promo_601_14499,Lidl.fr_promo,24837_Lidlfr_promo,24837,http://www.Lidl.fr/fr/offres-513.htm?id=590,,,,
24840_Lidlfr_promo_601_14499,Nos offres/Jeudi 19/02|Douce nuit/Jeudi 19/02,L'unité au choix,Couette en microfibre,24840_Lidlfr_promo,,24840_Lidlfr_promo_601,124,<strong class="price pricebutton" style="                color:#a65c9b;            "> à partir de  € 12.99  L'unité au choix,4,12.99,14499,388E802435DF875E09F17C2830D3E132,Couette en microfibre,FFFBDC9B1B8E86F5EA465E442315AE81,18/02/2015 13:51:19,€,467321909E90496FE9046F4CECFD5860,C32E57398A4A3D95CB29CE12AE30E18F,83,601,24840_Lidlfr_promo_601_14499,Lidl.fr_promo,24840_Lidlfr_promo,24840,http://www.Lidl.fr/fr/offres-513.htm?id=590,,,,
24846_Lidlfr_promo_601_14499,Nos offres/Jeudi 19/02|Douce nuit/Jeudi 19/02,L'ensemble au choix,Pyjama femme,24846_Lidlfr_promo,,24846_Lidlfr_promo_601,124,<strong class="price pricebutton" style="                color:#a65c9b;            "> € 9.99  L'ensemble au choix,6,9.99,14499,8CC9CE6911524144D30972187EAB6BE0,Pyjama femme,94459A0C4A6F689BE5DB4C5C2F0F2612,18/02/2015 13:51:19,€,CBCACF1AF89FE235A1212ED6D805769A,3B5D4919C43697E04AE8F965BC07ACD1,83,601,24846_Lidlfr_promo_601_14499,Lidl.fr_promo,24846_Lidlfr_promo,24846,http://www.Lidl.fr/fr/offres-513.htm?id=590,,,,
24947_Lidlfr_promo_601_14499,Nos offres/Jeudi 19/02|Maison/Jeudi 19/02,L'unité au choix,Casier à miniatures,24947_Lidlfr_promo,,24947_Lidlfr_promo_601,125,<strong class="price pricebutton" style="                color:#f3846a;            "> € 11.99*  L'unité au choix,4,11.99,14499,0A64EE4C558BDD5B6E815B51A89E914F,Casier à miniatures,87F8D41339602667D82E4FA89EA42718,18/02/2015 13:51:24,€,24CE5F3D164BA23B168809710356E484,44AEABC3C16B195BA97B91A17DFD6F05,83,601,24947_Lidlfr_promo_601_14499,Lidl.fr_promo,24947_Lidlfr_promo,24947,http://www.Lidl.fr/fr/offres-513.htm?id=592,,,,
24943_Lidlfr_promo_601_14499,Nos offres/Jeudi 19/02|Maison/Jeudi 19/02,L'unité au choix,Horloge murale rétro,24943_Lidlfr_promo,,24943_Lidlfr_promo_601,125,<strong class="price pricebutton" style="                color:#f3846a;            "> € 4.99*  L'unité au choix,5,4.99,14499,5446D3A9F8135951E7C1C87CE3137751,Horloge murale rétro,0EAC4369FD0A9725CA53BD853BDAEF1B,18/02/2015 13:51:24,€,863F01475B4C5966C21BB2555F007F69,E6EC91CBA600CA785D5E02BEB0D0C8EB,83,601,24943_Lidlfr_promo_601_14499,Lidl.fr_promo,24943_Lidlfr_promo,24943,http://www.Lidl.fr/fr/offres-513.htm?id=592,,,,
24949_Lidlfr_promo_601_14499,Nos offres/Jeudi 19/02|Maison/Jeudi 19/02,L'unité au choix,Tablier de cuisine,24949_Lidlfr_promo,,24949_Lidlfr_promo_601,125,<strong class="price pricebutton" style="                color:#f3846a;            "> € 3.99  L'unité au choix,7,3.99,14499,979C77802AED623E9888DB6886021BFD,Tablier de cuisine,5CB9CF41B0A22CCD09B2C54FE3377792,18/02/2015 13:51:25,€,2222B5C6942886387B79B9576FD02575,2FF9DC13024F20C0D3CF1F9474C5A03F,83,601,24949_Lidlfr_promo_601_14499,Lidl.fr_promo,24949_Lidlfr_promo,24949,http://www.Lidl.fr/fr/offres-513.htm?id=592,,,,
25012_Lidlfr_promo_601_14499,Nos offres/Lundi 23/02|Extérieur/Lundi 23/02,Le pot de 750 ml,Peinture pour métaux,25012_Lidlfr_promo,1 L = 7.98 €,25012_Lidlfr_promo_601,126,<strong class="price pricebutton" style="                color:#4b650d;            "> € 5.99  Le pot de 750 ml  1 L = 7.98 €,2,5.99,14499,1147B6284148FBF54F0283B589FE812E,Peinture pour métaux,5ACE557BFE8F2647EEFED55C77B1A169,18/02/2015 13:51:29,€,CA88BB686C72BE5F6F01C0D649773627,B71FAF915B91184A5C4DC56C7D6262DA,83,601,25012_Lidlfr_promo_601_14499,Lidl.fr_promo,25012_Lidlfr_promo,25012,http://www.Lidl.fr/fr/offres-513.htm?id=594,,,,
25014_Lidlfr_promo_601_14499,Nos offres/Lundi 23/02|Extérieur/Lundi 23/02,Le pot de 1 L,Peinture blanche express,25014_Lidlfr_promo,,25014_Lidlfr_promo_601,126,<strong class="price pricebutton" style="                color:#4b650d;            "> € 5.99  Le pot de 1 L,4,5.99,14499,26CFA99510B5CE22D04AF4660985DFC8,Peinture blanche express,CA5921765C1BAF6DC2577C27DC9EEFDD,18/02/2015 13:51:30,€,36B50F07337C1D4EE70E5F0DBA6495DA,AD4064ED89C079795893AED6055C1A90,83,601,25014_Lidlfr_promo_601_14499,Lidl.fr_promo,25014_Lidlfr_promo,25014,http://www.Lidl.fr/fr/offres-513.htm?id=594,,,,
24950_Lidlfr_promo_601_14499,Nos offres/Jeudi 19/02|Maison/Jeudi 19/02,Le set au choix,Gant et manique,24950_Lidlfr_promo,,24950_Lidlfr_promo_601,125,<strong class="price pricebutton" style="                color:#f3846a;            "> € 2.99  Le set au choix,8,2.99,14499,27C21BD8C93F753FF83A774B03882FFA,Gant et manique,9CB983894FED406373D8B04274FA56C4,18/02/2015 13:51:25,€,C5A17324710C7357DB3D8E6040FF8826,EA16C8AD502B00DD6EB031B3FD35D738,83,601,24950_Lidlfr_promo_601_14499,Lidl.fr_promo,24950_Lidlfr_promo,24950,http://www.Lidl.fr/fr/offres-513.htm?id=592,,,,
24952_Lidlfr_promo_601_14499,Nos offres/Jeudi 19/02|Maison/Jeudi 19/02,L'unité au choix,Coussin de chaise,24952_Lidlfr_promo,,24952_Lidlfr_promo_601,125,<strong class="price pricebutton" style="                color:#f3846a;            "> € 4.99  L'unité au choix,10,4.99,14499,CFCDE28B44ED495CE196D3BC44D073EF,Coussin de chaise,D2E47B6FEBCA676E10525732002E3AB4,18/02/2015 13:51:25,€,AA90C2FA14AF65F469DB0458A1B7120F,C9CE98A38EBB27CCDB0E5083F2CFCDE7,83,601,24952_Lidlfr_promo_601_14499,Lidl.fr_promo,24952_Lidlfr_promo,24952,http://www.Lidl.fr/fr/offres-513.htm?id=592,,,,
24882_Lidlfr_promo_601_14499,Nos offres/Mercredi 18/02|USA/Mercredi 18/02,225 g au choix,Mini muffins,24882_Lidlfr_promo,1 kg = 6.62 €,24882_Lidlfr_promo_601,123,<strong class="price pricebutton" style="                color:#d83b30;            "> € 1.49  225 g au choix  1 kg = 6.62 €,18,1.49,14499,178A57635940E289065FACF1081E328F,Mini muffins,A2D057BC2639308E95EA6B361457D3BD,18/02/2015 13:51:14,€,F39278C82FC9F3B214B73AEEA726C3B8,32E0740FC318FC059523A2F830A5B248,83,601,24882_Lidlfr_promo_601_14499,Lidl.fr_promo,24882_Lidlfr_promo,24882,http://www.Lidl.fr/fr/offres-513.htm?id=591,,,,
24855_Lidlfr_promo_601_14499,Nos offres/Jeudi 19/02|Douce nuit/Jeudi 19/02,L'ensemble au choix,Pyjama fille ou garçon,24855_Lidlfr_promo,,24855_Lidlfr_promo_601,124,<strong class="price pricebutton" style="                color:#a65c9b;            "> € 5.99  L'ensemble au choix,8,5.99,14499,9244CEBD6105E601E070DF17249EE20C,Pyjama fille ou garçon,8C76778E76C64EAB297EBA4F52D2AD56,18/02/2015 13:51:20,€,1DA01647FE86B2736E90939BA74FCC74,28614D9BC22C8A1EC4B6FAFD953EF378,83,601,24855_Lidlfr_promo_601_14499,Lidl.fr_promo,24855_Lidlfr_promo,24855,http://www.Lidl.fr/fr/offres-513.htm?id=590,,,,
24945_Lidlfr_promo_601_14499,Nos offres/Jeudi 19/02|Maison/Jeudi 19/02,L'unité au choix,Mini commode,24945_Lidlfr_promo,,24945_Lidlfr_promo_601,125,<strong class="price pricebutton" style="                color:#f3846a;            "> € 9.99*  L'unité au choix,2,9.99,14499,98739508E1EEBA6326D0E5CDD3908BBB,Mini commode,2A5AB2D016DD697C443385FA58A61D46,18/02/2015 13:51:23,€,C1B797CC42974FBD0AA182C98115D513,E7D849AD71F30E44BED446AC00507F58,83,601,24945_Lidlfr_promo_601_14499,Lidl.fr_promo,24945_Lidlfr_promo,24945,http://www.Lidl.fr/fr/offres-513.htm?id=592,,,,
25139_Lidlfr_promo_601_14499,Nos offres/Mercredi 25/02|Viandes de bœuf/Mercredi 25/02,240 g,Bifteck,25139_Lidlfr_promo,1 kg = 13.54 €,25139_Lidlfr_promo_601,128,<strong class="price pricebutton" style="                color:#eb212e;            "> € 3.25  240 g  1 kg = 13.54 €,1,3.25,14499,2E3EEE1020B74E07FFB169357EFE904B,Bifteck,9570BBDE73D80068ADF10F90B37680BA,18/02/2015 13:51:43,€,7B776A5B1E0AD5721A75A24E15D2F34B,077C7FB8FCF33CEC814D0BDE680AA041,83,601,25139_Lidlfr_promo_601_14499,Lidl.fr_promo,25139_Lidlfr_promo,25139,http://www.Lidl.fr/fr/offres-513.htm?id=597,,,,
25148_Lidlfr_promo_601_14499,Nos offres/Mercredi 25/02|Viandes de bœuf/Mercredi 25/02,400 g,4 steaks hachés pur bœuf,25148_Lidlfr_promo,1 kg = 5.98 €,25148_Lidlfr_promo_601,128,<small class="pricecut" style="                color:#ffffff;                            background-color:#B41E0A;                            border:1px solid #B41E0A;            "> -20% <em class="priceold" style="                border-left: 2px solid #B41E0A;            "> 2.99   <small class="specialdesc" style="                background-color: #B41E0A;            ">18/02 - 03/03  <strong class="price pricebutton" style="                color:#eb212e;            "> € 2.39    400 g  1 kg = 5.98 €,2,2.39,14499,9C6128F46A78D242EEE432DF59C4F219,4 steaks hachés pur bœuf,4F76C4BC3451118895702363DB461D4B,18/02/2015 13:51:43,€,730F59105EB1E18F9FCD08646519E601,861771F24543EAB4B20BD2E057A44C39,83,601,25148_Lidlfr_promo_601_14499,Lidl.fr_promo,25148_Lidlfr_promo,25148,http://www.Lidl.fr/fr/offres-513.htm?id=597,-20%,18/02 - 03/03,2.99,
25140_Lidlfr_promo_601_14499,Nos offres/Mercredi 25/02|Viandes de bœuf/Mercredi 25/02,170 g,Faux-filet,25140_Lidlfr_promo,1 kg = 17.59 €,25140_Lidlfr_promo_601,128,<strong class="price pricebutton" style="                color:#eb212e;            "> € 2.99  170 g  1 kg = 17.59 €,3,2.99,14499,5DDB6D696DE47B9B7534A11AB2396128,Faux-filet,B777DB2A5C73D1987B498C5520010BAD,18/02/2015 13:51:43,€,7CFFD06B63C3DF2BFE4740E1B292415B,6CA2A46DDEF1AE69E6F8B205456FD3AE,83,601,25140_Lidlfr_promo_601_14499,Lidl.fr_promo,25140_Lidlfr_promo,25140,http://www.Lidl.fr/fr/offres-513.htm?id=597,,,,
25016_Lidlfr_promo_601_14499,Nos offres/Lundi 23/02|Extérieur/Lundi 23/02,Le pot de 25 L,Gel de protection du bois,25016_Lidlfr_promo,1 L = 3.19 €,25016_Lidlfr_promo_601,126,<strong class="price pricebutton" style="                color:#4b650d;            "> € 7.99  Le pot de 25 L  1 L = 3.19 €,6,7.99,14499,FB9A25BA2C10024FCCE222BF224FA8EB,Gel de protection du bois,37D6AF9721A42CD25210250AB81968D4,18/02/2015 13:51:30,€,997A460CB1C2771EF5DDC2B76D33BA26,7B080BAC7A1E553D6DA63936A525C619,83,601,25016_Lidlfr_promo_601_14499,Lidl.fr_promo,25016_Lidlfr_promo,25016,http://www.Lidl.fr/fr/offres-513.htm?id=594,,,,
25018_Lidlfr_promo_601_14499,Nos offres/Lundi 23/02|Extérieur/Lundi 23/02,L'unité ou le set au choix,Accessoire(s) de jardinage,25018_Lidlfr_promo,,25018_Lidlfr_promo_601,126,<strong class="price pricebutton" style="                color:#4b650d;            "> € 1.99  L'unité ou le set au choix,8,1.99,14499,7A66AED3E1A8AB2D9934B83DA72C3864,Accessoire(s) de jardinage,691C78974EC2717FABC6DA5236B39D96,18/02/2015 13:51:31,€,47ECBC42D0DBD5FDC014B61034EFB336,3E70BABF4BCFB88FF496D2F8326BA174,83,601,25018_Lidlfr_promo_601_14499,Lidl.fr_promo,25018_Lidlfr_promo,25018,http://www.Lidl.fr/fr/offres-513.htm?id=594,,,,
25021_Lidlfr_promo_601_14499,Nos offres/Lundi 23/02|Extérieur/Lundi 23/02,L'unité,Sac à végétaux pliable,25021_Lidlfr_promo,,25021_Lidlfr_promo_601,126,<strong class="price pricebutton" style="                color:#4b650d;            "> € 4.99  L'unité,9,4.99,14499,1EC0F43A4795A9E8131872CADE2DA298,Sac à végétaux pliable,8C70BC17F562C5F9B23D9E3A73F576FB,18/02/2015 13:51:31,€,66B56A26117DE738260A63CB101C6B3A,4A6691C609E4D04769C91B4B6F2D5358,83,601,25021_Lidlfr_promo_601_14499,Lidl.fr_promo,25021_Lidlfr_promo,25021,http://www.Lidl.fr/fr/offres-513.htm?id=594,,,,
25098_Lidlfr_promo_601_14499,Nos offres/Mercredi 25/02|Savoie/Mercredi 25/02,600 g,Tartiflette au reblochon de Savoie AOP,25098_Lidlfr_promo,1 kg = 7.98 €,25098_Lidlfr_promo_601,127,<strong class="price pricebutton" style="                color:#007d9b;            "> € 4.79  600 g  1 kg = 7.98 €,5,4.79,14499,FA17EE6B7CF2366C4C7A986B3A0A6A14,Tartiflette au reblochon de Savoie AOP,B5C3DC99FEB9ACD53EA71C7FD8B2A670,18/02/2015 13:51:36,€,E1CF58A37C6CD3CCA0AD51832758740D,1FE165377D4907F0EA45A5397520B85C,83,601,25098_Lidlfr_promo_601_14499,Lidl.fr_promo,25098_Lidlfr_promo,25098,http://www.Lidl.fr/fr/offres-513.htm?id=596,,,,
25100_Lidlfr_promo_601_14499,Nos offres/Mercredi 25/02|Savoie/Mercredi 25/02,2 x 150 g au choix,Feuilletés,25100_Lidlfr_promo,1 kg = 5.97 €,25100_Lidlfr_promo_601,127,<strong class="price pricebutton" style="                color:#007d9b;            "> € 1.79  2 x 150 g au choix  1 kg = 5.97 €,7,1.79,14499,1D48ED27F959AD21497588BEA2593575,Feuilletés,C5EF7073DC5713038C551B5625820088,18/02/2015 13:51:37,€,BCA713A48BD91F35F71438E1D4DE3260,92E84FA86A270EA72D92C0293FD678EE,83,601,25100_Lidlfr_promo_601_14499,Lidl.fr_promo,25100_Lidlfr_promo,25100,http://www.Lidl.fr/fr/offres-513.htm?id=596,,,,
25102_Lidlfr_promo_601_14499,Nos offres/Mercredi 25/02|Savoie/Mercredi 25/02,300 g,Mini délices au beaufort,25102_Lidlfr_promo,1 kg = 4.97 €,25102_Lidlfr_promo_601,127,<strong class="price pricebutton" style="                color:#007d9b;            "> € 1.49  300 g  1 kg = 4.97 €,9,1.49,14499,5B4AF43745AECBBB20F266382215B83E,Mini délices au beaufort,71E2B1F2E8E393D7C04A6ACA23CF5E00,18/02/2015 13:51:37,€,E2037DC3D465A2ECB20A299DA14132C3,934AE3FE682FD9B04E9A8B15DD789911,83,601,25102_Lidlfr_promo_601_14499,Lidl.fr_promo,25102_Lidlfr_promo,25102,http://www.Lidl.fr/fr/offres-513.htm?id=596,,,,
25142_Lidlfr_promo_601_14499,Nos offres/Mercredi 25/02|Viandes de bœuf/Mercredi 25/02,10 x 100 g,10 hachés au bœuf "Le tendre et savoureux",25142_Lidlfr_promo,,25142_Lidlfr_promo_601,128,<strong class="price pricebutton" style="                color:#eb212e;            "> € 4.89  10 x 100 g,5,4.89,14499,3A14EEC11479106505D394BC73729C63,10 hachés au bœuf "Le tendre et savoureux",BCE639326D810B1382AB5068089B3FD7,18/02/2015 13:51:44,€,5E3F76FA42B6A1F589C8498472582D61,9940DC91E5D2185602912EF38945FCEA,83,601,25142_Lidlfr_promo_601_14499,Lidl.fr_promo,25142_Lidlfr_promo,25142,http://www.Lidl.fr/fr/offres-513.htm?id=597,,,,
25144_Lidlfr_promo_601_14499,Nos offres/Mercredi 25/02|Viandes de bœuf/Mercredi 25/02,4 x 100 g,Steak haché pur bœuf,25144_Lidlfr_promo,1 kg = 8.73 €,25144_Lidlfr_promo_601,128,<strong class="price pricebutton" style="                color:#eb212e;            "> € 3.49  4 x 100 g  1 kg = 8.73 €,7,3.49,14499,FE289A62184C1F5E3652FE11A992D055,Steak haché pur bœuf,01D07FD6456503BCD171546F2139D700,18/02/2015 13:51:44,€,394B95DE5C56B80116BA172C503DCC6D,208C538E54592A60BDE61D93E10CDE94,83,601,25144_Lidlfr_promo_601_14499,Lidl.fr_promo,25144_Lidlfr_promo,25144,http://www.Lidl.fr/fr/offres-513.htm?id=597,,,,
25104_Lidlfr_promo_601_14499,Nos offres/Mercredi 25/02|Savoie/Mercredi 25/02,720 g,4 hachés de porc savoyards,25104_Lidlfr_promo,1 kg = 6.93 €,25104_Lidlfr_promo_601,127,<strong class="price pricebutton" style="                color:#007d9b;            "> € 4.99  720 g  1 kg = 6.93 €,11,4.99,14499,2DAB478724A84CA4F66041099010C253,4 hachés de porc savoyards,25C8C18BB2DC5C840247D9BD26713817,18/02/2015 13:51:38,€,4D79D1F5EC584D9C864143A0294189A2,DEBCAF71BEE6F0241371E32F2620B2DD,83,601,25104_Lidlfr_promo_601_14499,Lidl.fr_promo,25104_Lidlfr_promo,25104,http://www.Lidl.fr/fr/offres-513.htm?id=596,,,,
25106_Lidlfr_promo_601_14499,Nos offres/Mercredi 25/02|Savoie/Mercredi 25/02,6 x 125 g,Yaourt de Savoie "Plaisir des Alpes",25106_Lidlfr_promo,1 kg = 2.92 €,25106_Lidlfr_promo_601,127,<strong class="price pricebutton" style="                color:#007d9b;            "> € 2.19  6 x 125 g  1 kg = 2.92 €,13,2.19,14499,BEBB6C46E59528B5EEEAD71EAF87C6DB,Yaourt de Savoie "Plaisir des Alpes",66563584774EAEC11199636B77C3B929,18/02/2015 13:51:38,€,A677C0E16CA82344D0DCC23B67160C68,7C07C57FDAC8C86EDCA57EFCDC5134A1,83,601,25106_Lidlfr_promo_601_14499,Lidl.fr_promo,25106_Lidlfr_promo,25106,http://www.Lidl.fr/fr/offres-513.htm?id=596,,,,
25108_Lidlfr_promo_601_14499,Nos offres/Mercredi 25/02|Savoie/Mercredi 25/02,75 cl,Vin de Savoie Terroirs d'Exception 2014 AOP,25108_Lidlfr_promo,1 L = 5.32 €,25108_Lidlfr_promo_601,127,<strong class="price pricebutton" style="                color:#007d9b;            "> € 3.99  75 cl  1 L = 5.32 €,15,3.99,14499,FC497958E88CBF542BD0860F5E328A45,Vin de Savoie Terroirs d'Exception 2014 AOP,1B152EADB9A3513392DB960591345BBA,18/02/2015 13:51:39,€,4DCD8ECBF8170943A87E660AA606DE40,97D59BBB0FA57E38380BF3415B38B044,83,601,25108_Lidlfr_promo_601_14499,Lidl.fr_promo,25108_Lidlfr_promo,25108,http://www.Lidl.fr/fr/offres-513.htm?id=596,,,,
25146_Lidlfr_promo_601_14499,Nos offres/Mercredi 25/02|Viandes de bœuf/Mercredi 25/02,800 g,Viande hachée pur bœuf,25146_Lidlfr_promo,1 kg = 6.24 €,25146_Lidlfr_promo_601,128,<strong class="price pricebutton" style="                color:#eb212e;            "> € 4.99  800 g  1 kg = 6.24 €,9,4.99,14499,B1713CBB8345EAF4E9A08E731E6B739E,Viande hachée pur bœuf,BBFC0B8BA12B708753F9FE885F56C017,18/02/2015 13:51:45,€,ADF4FFBF7749878D3A102BBDE048E498,8C317A7C6C3E9BD6382554CE9F0811AA,83,601,25146_Lidlfr_promo_601_14499,Lidl.fr_promo,25146_Lidlfr_promo,25146,http://www.Lidl.fr/fr/offres-513.htm?id=597,,,,
25096_Lidlfr_promo_601_14499,Nos offres/Mercredi 25/02|Savoie/Mercredi 25/02,250 g,Saucisson sec au beaufort,25096_Lidlfr_promo,1 kg = 10.36 €,25096_Lidlfr_promo_601,127,<strong class="price pricebutton" style="                color:#007d9b;            "> € 2.59  250 g  1 kg = 10.36 €,2,2.59,14499,B449CF9B60C91C973A7AC7E543D76E89,Saucisson sec au beaufort,3E4E812D1C8F108F63DF6F8E26E91A7A,18/02/2015 13:51:35,€,2180CF567CA7181BB19B7A87771FD6FC,E72F04340BA52EEB59AAC43D472D1D31,83,601,25096_Lidlfr_promo_601_14499,Lidl.fr_promo,25096_Lidlfr_promo,25096,http://www.Lidl.fr/fr/offres-513.htm?id=596,,,,
25111_Lidlfr_promo_601_14499,Nos offres/Mercredi 25/02|Savoie/Mercredi 25/02,400 g,Pralines aux amandes,25111_Lidlfr_promo,1 kg = 7.48 €,25111_Lidlfr_promo_601,127,<strong class="price pricebutton" style="                color:#007d9b;            "> € 2.99  400 g  1 kg = 7.48 €,18,2.99,14499,6539C55D43797DA54B7D746B5C7AC827,Pralines aux amandes,5EFDA82156AE1345114984F1AADCFEF6,18/02/2015 13:51:39,€,E02C6C4F2BE14353F3D6BC2B96A9A739,821B7564A31A15C15F5670DE9E5E127D,83,601,25111_Lidlfr_promo_601_14499,Lidl.fr_promo,25111_Lidlfr_promo,25111,http://www.Lidl.fr/fr/offres-513.htm?id=596,,,,
24918_Lidlfr_promo_601_14499,Nos promos/Moins cher,10 x 100 g,10 burgers à l'oignon,24918_Lidlfr_promo,,24918_Lidlfr_promo_601,130,<small class="pricecut" style="                color:#e52031;                            background-color:#ffffff;                            border:1px solid #e52031;            "> -13% <em class="priceold" style="                border-left: 2px solid #e52031;            "> 3.59   <small class="specialdesc" style="                background-color: #e52031;            ">18/02 - 24/02  <strong class="price pricebutton" style="                color:#e52031;            "> € 3.09    10 x 100 g,2,3.09,14499,71EA4498975C19C94D97632A94530547,10 burgers à l'oignon,AD1B13CF689D2903A1B863A9E81980AA,18/02/2015 13:51:56,€,AEB6B76A87DFDC6C376361C10208A45C,F1F8D9E8023B645373B6363E6A6EC18C,83,601,24918_Lidlfr_promo_601_14499,Lidl.fr_promo,24918_Lidlfr_promo,24918,http://www.Lidl.fr/fr/moins-cher.htm,-13%,18/02 - 24/02,3.59,
24921_Lidlfr_promo_601_14499,Nos promos/Moins cher,Le sachet de 1 kg,Epinards en branches,24921_Lidlfr_promo,,24921_Lidlfr_promo_601,130,<small class="pricecut" style="                color:#e52031;                            background-color:#ffffff;                            border:1px solid #e52031;            "> -19% <em class="priceold" style="                border-left: 2px solid #e52031;            "> 0.98   <small class="specialdesc" style="                background-color: #e52031;            ">18/02 - 24/02  <strong class="price pricebutton" style="                color:#e52031;            "> € 0.79    Le sachet de 1 kg,5,0.79,14499,BB1AFBBC3E2CD82812B11AE361EF1E80,Epinards en branches,BC736E6C06AAC85D1BC88C62A7144D2E,18/02/2015 13:51:57,€,1B126C57B4DC65EB4D040283FD297B10,8EB7BE5A13CC39A3E56B78ABA08B2039,83,601,24921_Lidlfr_promo_601_14499,Lidl.fr_promo,24921_Lidlfr_promo,24921,http://www.Lidl.fr/fr/moins-cher.htm,-19%,18/02 - 24/02,0.98,
24923_Lidlfr_promo_601_14499,Nos promos/Moins cher,6 x 125 g,Yoplait Perle de Lait nature,24923_Lidlfr_promo,1 kg = 2.37 €,24923_Lidlfr_promo_601,130,<small class="pricecut" style="                color:#e52031;                            background-color:#ffffff;                            border:1px solid #e52031;            "> -20% <em class="priceold" style="                border-left: 2px solid #e52031;            "> 2.23   <small class="specialdesc" style="                background-color: #e52031;            ">18/02 - 24/02  <strong class="price pricebutton" style="                color:#e52031;            "> € 1.78    6 x 125 g  1 kg = 2.37 €,7,1.78,14499,1B5B3ABCC53741D47AD8795682F0BC30,Yoplait Perle de Lait nature,84526A2FCDDE586F1C8DA73003831133,18/02/2015 13:51:57,€,F255475C83D0F635CA6DD9C31456925C,8FB4529686C80D0A7F8442F94024EB9F,83,601,24923_Lidlfr_promo_601_14499,Lidl.fr_promo,24923_Lidlfr_promo,24923,http://www.Lidl.fr/fr/moins-cher.htm,-20%,18/02 - 24/02,2.23,
24932_Lidlfr_promo_601_14499,Nos promos/Moins cher,200 g au choix,Cookies au chocolat,24932_Lidlfr_promo,1 kg = 2.95 €,24932_Lidlfr_promo_601,130,<small class="pricecut" style="                color:#e52031;                            background-color:#ffffff;                            border:1px solid #e52031;            "> -14% <em class="priceold" style="                border-left: 2px solid #e52031;            "> 0.69   <small class="specialdesc" style="                background-color: #e52031;            ">18/02 - 24/02  <strong class="price pricebutton" style="                color:#e52031;            "> € 0.59    200 g au choix  1 kg = 2.95 €,9,0.59,14499,7BECE1E8D64BBB4460FDCBAA962D91A3,Cookies au chocolat,048FC62556DD8E38FD97E23E0FB0AA93,18/02/2015 13:51:57,€,5DC0D7649388CD81126CC885BD403E64,817FA9146E77F93396B5B4A108F58CFA,83,601,24932_Lidlfr_promo_601_14499,Lidl.fr_promo,24932_Lidlfr_promo,24932,http://www.Lidl.fr/fr/moins-cher.htm,-14%,18/02 - 24/02,0.69,
24934_Lidlfr_promo_601_14499,Nos promos/Moins cher,5 x 38 g au choix,Mentos,24934_Lidlfr_promo,1 kg = 7.68 €,24934_Lidlfr_promo_601,130,<small class="pricecut" style="                color:#e52031;                            background-color:#ffffff;                            border:1px solid #e52031;            "> -30% <em class="priceold" style="                border-left: 2px solid #e52031;            "> 2.09   <small class="specialdesc" style="                background-color: #e52031;            ">18/02 - 24/02  <strong class="price pricebutton" style="                color:#e52031;            "> € 1.46    5 x 38 g au choix  1 kg = 7.68 €,11,1.46,14499,0D2D3D90DB2EAEA362930B63E0E4D106,Mentos,0426815A7FC38FAD9466A687C06FA7A2,18/02/2015 13:51:57,€,EC62C5A6D2D94E034A3C388B00CF187A,208983B70B0FC2F3844880698AF78A6F,83,601,24934_Lidlfr_promo_601_14499,Lidl.fr_promo,24934_Lidlfr_promo,24934,http://www.Lidl.fr/fr/moins-cher.htm,-30%,18/02 - 24/02,2.09,
24936_Lidlfr_promo_601_14499,Nos promos/Moins cher,Soit le lot de 2 x 25 L,Le Chat Sensitive lessive liquide,24936_Lidlfr_promo,1 L = 2.55 €,24936_Lidlfr_promo_601,130,<small class="pricecut" style="                color:#e52031;                            background-color:#ffffff;                            border:1px solid #e52031;            "> -50% sur le 2ème  <small class="specialdesc" style="                background-color: #e52031;            ">18/02 - 24/02  <strong class="price pricebutton" style="                color:#e52031;            "> € 12.73     Soit le lot de 2 x 25 L  1 L = 2.55 €,13,12.73,14499,C9FE6C447E8DD44984451FE8142381AF,Le Chat Sensitive lessive liquide,6A67CB5F9F5874E598C1E19556EA9182,18/02/2015 13:51:57,€,ABB8CDBFFE0E4E1F83B60BA0C1432862,C0C29D6E2DD3F877B24A575D79081598,83,601,24936_Lidlfr_promo_601_14499,Lidl.fr_promo,24936_Lidlfr_promo,24936,http://www.Lidl.fr/fr/moins-cher.htm,-50% sur le 2ème,18/02 - 24/02,,
25159_Lidlfr_promo_601_14499,Nos promos/Moins cher,480 g,4 saucisses de Toulouse,25159_Lidlfr_promo,1 kg = 4.35 €,25159_Lidlfr_promo_601,130,<small class="pricecut" style="                color:#e52031;                            background-color:#ffffff;                            border:1px solid #e52031;            "> -21% <em class="priceold" style="                border-left: 2px solid #e52031;            "> 2.65   <small class="specialdesc" style="                background-color: #e52031;            ">25/02 - 03/03  <strong class="price pricebutton" style="                color:#e52031;            "> € 2.09    480 g  1 kg = 4.35 €,14,2.09,14499,E73ECEEA94CB88EC1AD17E96EAB6A903,4 saucisses de Toulouse,849A46FEA56FC1162B0E51D157E86D35,18/02/2015 13:51:57,€,9F32B237773F454E5B6C3955D89ED7AB,73A28B73543C4FE7C22EF24532315015,83,601,25159_Lidlfr_promo_601_14499,Lidl.fr_promo,25159_Lidlfr_promo,25159,http://www.Lidl.fr/fr/moins-cher.htm,-21%,25/02 - 03/03,2.65,
25160_Lidlfr_promo_601_14499,Nos promos/Moins cher,340 g,4 diots de Savoie fumés,25160_Lidlfr_promo,1 kg = 5.85 €,25160_Lidlfr_promo_601,130,<small class="pricecut" style="                color:#e52031;                            background-color:#ffffff;                            border:1px solid #e52031;            "> -20% <em class="priceold" style="                border-left: 2px solid #e52031;            "> 2.49   <small class="specialdesc" style="                background-color: #e52031;            ">25/02 - 03/03  <strong class="price pricebutton" style="                color:#e52031;            "> € 1.99    340 g  1 kg = 5.85 €,15,1.99,14499,02C2E2B1D347741983E32B870C0B997C,4 diots de Savoie fumés,CE0B4613A45CBA4FC7173670E45B9155,18/02/2015 13:51:57,€,20A178F38849D420C87584190DBFD4F5,24D1F9DBB53D751422970F91CAA12DF6,83,601,25160_Lidlfr_promo_601_14499,Lidl.fr_promo,25160_Lidlfr_promo,25160,http://www.Lidl.fr/fr/moins-cher.htm,-20%,25/02 - 03/03,2.49,
25162_Lidlfr_promo_601_14499,Nos promos/Moins cher,225 g,Saucisson sec Label Rouge,25162_Lidlfr_promo,1 kg = 9.73 €,25162_Lidlfr_promo_601,130,<small class="pricecut" style="                color:#e52031;                            background-color:#ffffff;                            border:1px solid #e52031;            "> -21% <em class="priceold" style="                border-left: 2px solid #e52031;            "> 2.79   <small class="specialdesc" style="                background-color: #e52031;            ">25/02 - 03/03  <strong class="price pricebutton" style="                color:#e52031;            "> € 2.19    225 g  1 kg = 9.73 €,17,2.19,14499,01F8BF5BFBF337AE759977A03444D555,Saucisson sec Label Rouge,8B9AED54AC3D0A63C3182DD78564B3FE,18/02/2015 13:51:57,€,A7529F1837AB1FBD79CE5AFAAF0CA72D,53EFC88B91116CC2A1C96CB17DDAC5CF,83,601,25162_Lidlfr_promo_601_14499,Lidl.fr_promo,25162_Lidlfr_promo,25162,http://www.Lidl.fr/fr/moins-cher.htm,-21%,25/02 - 03/03,2.79,
25164_Lidlfr_promo_601_14499,Nos promos/Moins cher,500 g,Feuillantine comtoise,25164_Lidlfr_promo,1 kg = 6.38 €,25164_Lidlfr_promo_601,130,<small class="pricecut" style="                color:#e52031;                            background-color:#ffffff;                            border:1px solid #e52031;            "> -20% <em class="priceold" style="                border-left: 2px solid #e52031;            "> 3.99   <small class="specialdesc" style="                background-color: #e52031;            ">25/02 - 03/03  <strong class="price pricebutton" style="                color:#e52031;            "> € 3.19    500 g  1 kg = 6.38 €,19,3.19,14499,2EA180BDAA7B303CC171B3C5FCA43ADE,Feuillantine comtoise,D3AA8F686A614DF0BF2A9E967B8EA2BE,18/02/2015 13:51:58,€,636C5B6BB9ED2A64A8AE3D0E36711D62,7B4D37D410B3B267742787492C5CCA46,83,601,25164_Lidlfr_promo_601_14499,Lidl.fr_promo,25164_Lidlfr_promo,25164,http://www.Lidl.fr/fr/moins-cher.htm,-20%,25/02 - 03/03,3.99,
25166_Lidlfr_promo_601_14499,Nos promos/Moins cher,Le kilo,Cantal entre-deux AOP,25166_Lidlfr_promo,,25166_Lidlfr_promo_601,130,<small class="pricecut" style="                color:#e52031;                            background-color:#ffffff;                            border:1px solid #e52031;            "> -16% sur prix kilo <em class="priceold" style="                border-left: 2px solid #e52031;            "> 8.30   <small class="specialdesc" style="                background-color: #e52031;            ">25/02 - 03/03  <strong class="price pricebutton" style="                color:#e52031;            "> € 6.89    Le kilo,21,6.89,14499,78AAB42961AFD9E3AFFB800BC062D1FE,Cantal entre-deux AOP,A39C2D61B57FC349875BB71D77B9518F,18/02/2015 13:51:58,€,D4251836203881722ED10D5F15EB4A1C,CEACAF9856F429DADABB36E45A45C7E2,83,601,25166_Lidlfr_promo_601_14499,Lidl.fr_promo,25166_Lidlfr_promo,25166,http://www.Lidl.fr/fr/moins-cher.htm,-16% sur prix kilo,25/02 - 03/03,8.30,
25168_Lidlfr_promo_601_14499,Nos promos/Moins cher,250 g,Madeleines,25168_Lidlfr_promo,1 kg = 5.16 €,25168_Lidlfr_promo_601,130,<small class="pricecut" style="                color:#e52031;                            background-color:#ffffff;                            border:1px solid #e52031;            "> -18% <em class="priceold" style="                border-left: 2px solid #e52031;            "> 1.59   <small class="specialdesc" style="                background-color: #e52031;            ">25/02 - 03/03  <strong class="price pricebutton" style="                color:#e52031;            "> € 1.29    250 g  1 kg = 5.16 €,23,1.29,14499,F884AE2317855C3BB7C974CD74D79618,Madeleines,04F768B309CFFA03EDF5C1F1CEAD5702,18/02/2015 13:51:58,€,D6D9224F0536303DEB43A9BA3A6EC102,2EED49993F93259B52FE9AD0F9D0C190,83,601,25168_Lidlfr_promo_601_14499,Lidl.fr_promo,25168_Lidlfr_promo,25168,http://www.Lidl.fr/fr/moins-cher.htm,-18%,25/02 - 03/03,1.59,
25171_Lidlfr_promo_601_14499,Nos promos/Moins cher,75 cl,Côtes du Rhône Domaine AOP,25171_Lidlfr_promo,1 L = 2.65 €,25171_Lidlfr_promo_601,130,<small class="pricecut" style="                color:#e52031;                            background-color:#ffffff;                            border:1px solid #e52031;            "> Moins cher ! <em class="priceold" style="                border-left: 2px solid #e52031;            "> 2.19   <small class="specialdesc" style="                background-color: #e52031;            ">25/02 - 03/03  <strong class="price pricebutton" style="                color:#e52031;            "> € 1.99    75 cl  1 L = 2.65 €,26,1.99,14499,B24A658FE4040F018ADD9E20411C26BC,Côtes du Rhône Domaine AOP,2AACE5FD48DE09AFF6B033609F782029,18/02/2015 13:51:58,€,B5B17900DB6F4C4C51086DDA625A1607,3F485403B8671C13C3BF51FEE6E02132,83,601,25171_Lidlfr_promo_601_14499,Lidl.fr_promo,25171_Lidlfr_promo,25171,http://www.Lidl.fr/fr/moins-cher.htm,Moins cher !,25/02 - 03/03,2.19,
25041_Lidlfr_promo_601_14499,Nos promos/Fruits & légumes,Le filet de 1 kg,Tomates,25041_Lidlfr_promo,,25041_Lidlfr_promo_601,132,<small class="specialdesc" style="                background-color: #f1830c;            ">18/02 - 21/02  <strong class="price pricebutton" style="                color:#cf6d04;            "> € 0.99    Le filet de 1 kg,1,0.99,14499,B3C5ED276F9D7F1493AB2E77658B92B8,Tomates,A93AB44388B63079CF26AB03CEF12129,18/02/2015 13:52:04,€,936A6147E097D485D039CCB769873B97,F0B77BE6BB9550347D8763F2518CB312,83,601,25041_Lidlfr_promo_601_14499,Lidl.fr_promo,25041_Lidlfr_promo,25041,http://www.Lidl.fr/fr/fruits-legumes.htm,,18/02 - 21/02,,
25043_Lidlfr_promo_601_14499,Nos promos/Fruits & légumes,Le filet de 500 g,Oignons rouges,25043_Lidlfr_promo,1 kg = 2.98 €,25043_Lidlfr_promo_601,132,<small class="specialdesc" style="                background-color: #f1830c;            ">18/02 - 21/02  <strong class="price pricebutton" style="                color:#cf6d04;            "> € 1.49    Le filet de 500 g  1 kg = 2.98 €,3,1.49,14499,AF0D27B2AABD25532583F4EC8394FFB3,Oignons rouges,DB9B1E259103B1EBA63158CD19698582,18/02/2015 13:52:04,€,9A531A3148B8BB655089448B9E6F5348,E8F4D8F59F34AC30A908AF58D123135A,83,601,25043_Lidlfr_promo_601_14499,Lidl.fr_promo,25043_Lidlfr_promo,25043,http://www.Lidl.fr/fr/fruits-legumes.htm,,18/02 - 21/02,,
24981_Lidlfr_promo_601_14499,Nos promos/Bonnes affaires,L'unité au choix,Cadenas,24981_Lidlfr_promo,,24981_Lidlfr_promo_601,134,<small class="specialdesc" style="                background-color: #1f4fb8;            ">19/02 - 19/02  <strong class="price pricebutton" style="                color:#1f4fb8;            "> € 4.99    L'unité au choix,1,4.99,14499,9AA6F34CDC4C32F13BF251DAB6F54F3C,Cadenas,F9133BC535B068DF063E60323C51A214,18/02/2015 13:52:11,€,9E03DCB2743B46CA1CAA641F1465E44A,9ADBAADF095C8DE0D2D0B53FE92A5DBB,83,601,24981_Lidlfr_promo_601_14499,Lidl.fr_promo,24981_Lidlfr_promo,24981,http://www.Lidl.fr/fr/bonnes-affaires.htm,,19/02 - 19/02,,
24990_Lidlfr_promo_601_14499,Nos promos/Bonnes affaires,L'unité au choix,Jeu de construction,24990_Lidlfr_promo,,24990_Lidlfr_promo_601,134,<small class="specialdesc" style="                background-color: #1f4fb8;            ">19/02 - 19/02  <strong class="price pricebutton" style="                color:#1f4fb8;            "> € 7.99    L'unité au choix,2,7.99,14499,236F73BB129F25B0CB70223223B12BA5,Jeu de construction,87CE48EC37192D871415DC679D5E34E1,18/02/2015 13:52:11,€,24CACC755DE235925F199E3D5E16DC2B,D2B6D861D66FA14BB7CF8C6112D13E0D,83,601,24990_Lidlfr_promo_601_14499,Lidl.fr_promo,24990_Lidlfr_promo,24990,http://www.Lidl.fr/fr/bonnes-affaires.htm,,19/02 - 19/02,,
25036_Lidlfr_promo_601_14499,Nos promos/Super samedi,75 cl,Zinfandel Vin de Californie rosé,25036_Lidlfr_promo,1 L = 1.72 €,25036_Lidlfr_promo_601,131,<small class="pricecut" style="                color:#e52031;                            background-color:#ffffff;                            border:1px solid #e52031;            "> -50% <em class="priceold" style="                border-left: 2px solid #e52031;            "> 2.59   <small class="specialdesc" style="                background-color: #e52031;            ">21/02 - 21/02  <strong class="price pricebutton" style="                color:#e52031;            "> € 1.29    75 cl  1 L = 1.72 €,1,1.29,14499,9CAA62442A7CC7965124772DA6F2296B,Zinfandel Vin de Californie rosé,630C1CA4E93A3A384F4125015959BB40,18/02/2015 13:52:01,€,3747D8DA9A300722A843CE20893BC5D3,DA383B7F4FB8B92BB70373274BFA6879,83,601,25036_Lidlfr_promo_601_14499,Lidl.fr_promo,25036_Lidlfr_promo,25036,http://www.Lidl.fr/fr/super-samedi.htm,-50%,21/02 - 21/02,2.59,
25047_Lidlfr_promo_601_14499,Nos promos/Fruits & légumes,Le filet de 25 kg,Pommes de terre rouges,25047_Lidlfr_promo,1 kg = 0.40 €,25047_Lidlfr_promo_601,132,<small class="specialdesc" style="                background-color: #f1830c;            ">18/02 - 21/02  <strong class="price pricebutton" style="                color:#cf6d04;            "> € 0.99    Le filet de 25 kg  1 kg = 0.40 €,5,0.99,14499,DCC459F5A1FCA514DA0FE164AC745002,Pommes de terre rouges,7C65C7CFDD2E6379A215C57C4083CFEB,18/02/2015 13:52:05,€,BA41BBD9AC7C4486A9EEE2A984889D97,4DAAB94B22B63A9E47C1762083A4C9E0,83,601,25047_Lidlfr_promo_601_14499,Lidl.fr_promo,25047_Lidlfr_promo,25047,http://www.Lidl.fr/fr/fruits-legumes.htm,,18/02 - 21/02,,
24992_Lidlfr_promo_601_14499,Nos promos/Bonnes affaires,L'unité au choix,Voiture télécommandée,24992_Lidlfr_promo,,24992_Lidlfr_promo_601,134,<small class="specialdesc" style="                background-color: #1f4fb8;            ">19/02 - 19/02  <strong class="price pricebutton" style="                color:#1f4fb8;            "> € 17.99 *   L'unité au choix,4,17.99,14499,88E3BDC448188C614B760E75C86BCFE3,Voiture télécommandée,030C211A5E913DB33D3B4BD22011107C,18/02/2015 13:52:12,€,2D8F344CCE1AA405F863E74E8440D6F3,E809EFCDEDFD3421D6AF8AA39F754F7B,83,601,24992_Lidlfr_promo_601_14499,Lidl.fr_promo,24992_Lidlfr_promo,24992,http://www.Lidl.fr/fr/bonnes-affaires.htm,,19/02 - 19/02,,
24974_Lidlfr_promo_601_14499,Nos promos/Plantes & fleurs,La barquette de 10 plans,Primevère acaulis,24974_Lidlfr_promo,Le 18/02,24974_Lidlfr_promo_601,133,<strong class="price pricebutton" style="                color:#f05660;            "> € 2.49  La barquette de 10 plans  Le 18/02,2,2.49,14499,803217FCA54B74A204BD3902B3C021BF,Primevère acaulis,E98A6F11BB26DDF22D190E6E715A6FBC,18/02/2015 13:52:08,€,CF411FA66DE67A58C62952D456A6873D,F138E593207A9B63CE9A539AA94337BC,83,601,24974_Lidlfr_promo_601_14499,Lidl.fr_promo,24974_Lidlfr_promo,24974,http://www.Lidl.fr/fr/plantes-fleurs.htm,,,,
24791_Lidlfr_promo_2682_14499,Nos offres/Lundi 16/02|Mode enfant/Lundi 16/02,L'unité au choix,Veste imperméable fille,24791_Lidlfr_promo,,24791_Lidlfr_promo_2682,136,<strong class="price pricebutton" style="                color:#ee73aa;            "> € 9.99  L'unité au choix,3,9.99,14499,A3174B0429A75D7D038971C8AB266A12,Veste imperméable fille,D5AC6A043674B33C2FC14667DCE16BF7,18/02/2015 13:52:25,€,669E7D8C7FBF90913C0E2125DE7F5EFB,2933FEB99140863146F78CA650897C2F,86,2682,24791_Lidlfr_promo_2682_14499,Lidl.fr_promo,24791_Lidlfr_promo,24791,http://www.Lidl.fr/fr/offres-513.htm?id=588,,,,
24867_Lidlfr_promo_2682_14499,Nos offres/Mercredi 18/02|USA/Mercredi 18/02,200 g,Chips goût barbecue,24867_Lidlfr_promo,1 kg = 4.95 €,24867_Lidlfr_promo_2682,138,<strong class="price pricebutton" style="                color:#d83b30;            "> € 0.99  200 g  1 kg = 4.95 €,2,0.99,14499,324158FC1BEF0BE782A8BD32B13CEDB7,Chips goût barbecue,5374D07E118A86EFA7103DDFDF6FDE9E,18/02/2015 13:52:35,€,865A09C6697A5FD28973EC60DCA44EF7,CBEC56EA8D7B1D9787F7C1297488C798,86,2682,24867_Lidlfr_promo_2682_14499,Lidl.fr_promo,24867_Lidlfr_promo,24867,http://www.Lidl.fr/fr/offres-513.htm?id=591,,,,
24869_Lidlfr_promo_2682_14499,Nos offres/Mercredi 18/02|USA/Mercredi 18/02,480/490/500 ml au choix,Sauce,24869_Lidlfr_promo,1 L = 3.10 €,24869_Lidlfr_promo_2682,138,<strong class="price pricebutton" style="                color:#d83b30;            "> € 1.49  480/490/500 ml au choix  1 L = 3.10 €,4,1.49,14499,287B805F7C2564A1070061BB00695E79,Sauce,D828132A41E5F8FBAECEE157A8C31059,18/02/2015 13:52:35,€,B330AF5F65E938CC3382596234FA96B9,CEC819FA603E0B3F17E6AEAF4A6E6890,86,2682,24869_Lidlfr_promo_2682_14499,Lidl.fr_promo,24869_Lidlfr_promo,24869,http://www.Lidl.fr/fr/offres-513.htm?id=591,,,,
24870_Lidlfr_promo_2682_14499,Nos offres/Mercredi 18/02|USA/Mercredi 18/02,400 g (PNE),Cornichons tranchés,24870_Lidlfr_promo,1 kg = 3.73 €,24870_Lidlfr_promo_2682,138,<strong class="price pricebutton" style="                color:#d83b30;            "> € 1.49  400 g (PNE)  1 kg = 3.73 €,5,1.49,14499,FCF74CCD0088FF5C7A1AD530C219490E,Cornichons tranchés,6D8A7BB0762B6BA3F6D942B880D26A80,18/02/2015 13:52:35,€,5B17F99AD570AF9129906E01A4CC6BB4,8AC8AB5790BE587836C18B1E2184BAC0,86,2682,24870_Lidlfr_promo_2682_14499,Lidl.fr_promo,24870_Lidlfr_promo,24870,http://www.Lidl.fr/fr/offres-513.htm?id=591,,,,
24874_Lidlfr_promo_2682_14499,Nos offres/Mercredi 18/02|USA/Mercredi 18/02,420/438/450 g au choix,Crème glacée,24874_Lidlfr_promo,1 kg = 6.40 €,24874_Lidlfr_promo_2682,138,<strong class="price pricebutton" style="                color:#d83b30;            "> € 2.69  420/438/450 g au choix  1 kg = 6.40 €,11,2.69,14499,25F31E71CA324FAAB35CDF368E58A90F,Crème glacée,32D0AA612B9D5E87DD05DF71765260F4,18/02/2015 13:52:37,€,7EA814930FF1A6D2C09093645EE9B34F,AA08CAA980FEA246EBCFF950B4EAE2E7,86,2682,24874_Lidlfr_promo_2682_14499,Lidl.fr_promo,24874_Lidlfr_promo,24874,http://www.Lidl.fr/fr/offres-513.htm?id=591,,,,
24876_Lidlfr_promo_2682_14499,Nos offres/Mercredi 18/02|USA/Mercredi 18/02,200 g,Préparation pour pancakes,24876_Lidlfr_promo,1 kg = 6.45 €,24876_Lidlfr_promo_2682,138,<strong class="price pricebutton" style="                color:#d83b30;            "> € 1.29  200 g  1 kg = 6.45 €,12,1.29,14499,15760803F05A86F2F782709737225DAD,Préparation pour pancakes,EDEC495712FA104D35CA5DA1CF38F892,18/02/2015 13:52:37,€,FAEE207C229077C782FAC6B9F8D75F85,E04F87E54CA47E7AAC0FDE5F55A2B928,86,2682,24876_Lidlfr_promo_2682_14499,Lidl.fr_promo,24876_Lidlfr_promo,24876,http://www.Lidl.fr/fr/offres-513.htm?id=591,,,,
24878_Lidlfr_promo_2682_14499,Nos offres/Mercredi 18/02|USA/Mercredi 18/02,300 g,6 pancakes,24878_Lidlfr_promo,1 kg = 5.30 €,24878_Lidlfr_promo_2682,138,<strong class="price pricebutton" style="                color:#d83b30;            "> € 1.59  300 g  1 kg = 5.30 €,14,1.59,14499,39A227E823C6C016913580FDF977E3C8,6 pancakes,B842F4A6EC615A29F4DEE8FF38B1C433,18/02/2015 13:52:37,€,38AD22988F659127E93979872FD450C5,519FAB1C21E011CB83230C17046B5CF2,86,2682,24878_Lidlfr_promo_2682_14499,Lidl.fr_promo,24878_Lidlfr_promo,24878,http://www.Lidl.fr/fr/offres-513.htm?id=591,,,,
24766_Lidlfr_promo_2682_14499,Nos offres/Lundi 16/02|Auto/Moto/Lundi 16/02,La paire au choix,Chaussettes de moto,24766_Lidlfr_promo,,24766_Lidlfr_promo_2682,137,<strong class="price pricebutton" style="                color:#f17230;            "> € 2.99  La paire au choix,11,2.99,14499,A2818279F29CBA4AF8201613E3A799C2,Chaussettes de moto,9F363DF77C9B79582E6089A9022AE061,18/02/2015 13:52:30,€,C2D136A84E0773B862F83EAF227723D1,4527D8D0B1692F0BFD2480464BB20457,86,2682,24766_Lidlfr_promo_2682_14499,Lidl.fr_promo,24766_Lidlfr_promo,24766,http://www.Lidl.fr/fr/offres-513.htm?id=589,,,,
24768_Lidlfr_promo_2682_14499,Nos offres/Lundi 16/02|Auto/Moto/Lundi 16/02,L'unité,Galerie porte-bagages en aluminium,24768_Lidlfr_promo,,24768_Lidlfr_promo_2682,137,<strong class="price pricebutton" style="                color:#f17230;            "> € 34.99  L'unité,13,34.99,14499,11FA63F75DCEF42480C4D81334E39F12,Galerie porte-bagages en aluminium,A4BD36301462E3DD2A04EEBA01690930,18/02/2015 13:52:31,€,3FCA3D759981A81B95181BBD27C7AEFE,B073CE3B662C38AB02C8FD02CE384A44,86,2682,24768_Lidlfr_promo_2682_14499,Lidl.fr_promo,24768_Lidlfr_promo,24768,http://www.Lidl.fr/fr/offres-513.htm?id=589,,,,
24757_Lidlfr_promo_2682_14499,Nos offres/Lundi 16/02|Auto/Moto/Lundi 16/02,L'unité au choix,Maillot technique de moto homme,24757_Lidlfr_promo,,24757_Lidlfr_promo_2682,137,<strong class="price pricebutton" style="                color:#f17230;            "> € 14.99  L'unité au choix,3,14.99,14499,1B145E2EBDCB136FC00500E3C1174F8C,Maillot technique de moto homme,ACA3BB645184CD20D75808343F9B0CE6,18/02/2015 13:52:28,€,1F8AE19070346E0CB0E12F8D8A043DC3,8A4698917FE654CFB25A8BE97C24B4B3,86,2682,24757_Lidlfr_promo_2682_14499,Lidl.fr_promo,24757_Lidlfr_promo,24757,http://www.Lidl.fr/fr/offres-513.htm?id=589,,,,
24760_Lidlfr_promo_2682_14499,Nos offres/Lundi 16/02|Auto/Moto/Lundi 16/02,La paire,Gants de moto,24760_Lidlfr_promo,,24760_Lidlfr_promo_2682,137,<strong class="price pricebutton" style="                color:#f17230;            "> € 19.99  La paire,5,19.99,14499,72D518DF3D9FF3C968C86B14D54558D0,Gants de moto,D7D6E0972F4C270E887CC2B7548577CC,18/02/2015 13:52:29,€,813980E38416B88AEC2B4987580519E8,6B41F17ABD11BBC46176560B301A4E24,86,2682,24760_Lidlfr_promo_2682_14499,Lidl.fr_promo,24760_Lidlfr_promo,24760,http://www.Lidl.fr/fr/offres-513.htm?id=589,,,,
24762_Lidlfr_promo_2682_14499,Nos offres/Lundi 16/02|Auto/Moto/Lundi 16/02,L'unité,Cagoule moto,24762_Lidlfr_promo,,24762_Lidlfr_promo_2682,137,<strong class="price pricebutton" style="                color:#f17230;            "> € 4.99  L'unité,7,4.99,14499,551105CE5828048CAC5EA8A486AAE3C8,Cagoule moto,FCC7CA1E6FD9A48DA4CBEB1773C6A225,18/02/2015 13:52:29,€,057F8955BDB53442CBFE046B9607AAA1,DCE4D150D598F12D9B87A16283857712,86,2682,24762_Lidlfr_promo_2682_14499,Lidl.fr_promo,24762_Lidlfr_promo,24762,http://www.Lidl.fr/fr/offres-513.htm?id=589,,,,
24764_Lidlfr_promo_2682_14499,Nos offres/Lundi 16/02|Auto/Moto/Lundi 16/02,L'unité,Ceinture lombaire,24764_Lidlfr_promo,,24764_Lidlfr_promo_2682,137,<strong class="price pricebutton" style="                color:#f17230;            "> € 4.99  L'unité,9,4.99,14499,DFEEA130B2B3DCA1D4D52EF9F2D4D9E3,Ceinture lombaire,DC2AA13EE5B600DFB1E8987A65CA42B0,18/02/2015 13:52:30,€,1E77C01C9FD3F81CDA34FF156FE11D8A,44B8B1B5C2C259DF31D9D9B0F53BE68B,86,2682,24764_Lidlfr_promo_2682_14499,Lidl.fr_promo,24764_Lidlfr_promo,24764,http://www.Lidl.fr/fr/offres-513.htm?id=589,,,,
24872_Lidlfr_promo_2682_14499,Nos offres/Mercredi 18/02|USA/Mercredi 18/02,500 g au choix,Spare ribs (travers de porc),24872_Lidlfr_promo,1 kg = 6.98 €,24872_Lidlfr_promo_2682,138,<strong class="price pricebutton" style="                color:#d83b30;            "> € 3.49  500 g au choix  1 kg = 6.98 €,7,3.49,14499,A11AFA0709EF52CB0023DF67674C7578,Spare ribs (travers de porc),2C65440FA10FDB2249541E7A351E3B75,18/02/2015 13:52:36,€,CB26DC2BF3FC2F100E6713B07A0ED5E9,B6E61F3A46000AF53590F293DCF35C20,86,2682,24872_Lidlfr_promo_2682_14499,Lidl.fr_promo,24872_Lidlfr_promo,24872,http://www.Lidl.fr/fr/offres-513.htm?id=591,,,,
24881_Lidlfr_promo_2682_14499,Nos offres/Mercredi 18/02|USA/Mercredi 18/02,454 g au choix,Beurre de cacahuète,24881_Lidlfr_promo,1 kg = 5.70 €,24881_Lidlfr_promo_2682,138,<strong class="price pricebutton" style="                color:#d83b30;            "> € 2.59  454 g au choix  1 kg = 5.70 €,17,2.59,14499,1C699B1B2FB3F45D26D8AA3D1B68C578,Beurre de cacahuète,D089DDB83081AA2D9D5EF0673D80A252,18/02/2015 13:52:38,€,1B298F28590447CF5DFF0A3FF448AB63,D0A194DC29EE00D2F22EF573F2D7097F,86,2682,24881_Lidlfr_promo_2682_14499,Lidl.fr_promo,24881_Lidlfr_promo,24881,http://www.Lidl.fr/fr/offres-513.htm?id=591,,,,
24793_Lidlfr_promo_2682_14499,Nos offres/Lundi 16/02|Mode enfant/Lundi 16/02,Le lot au choix,2 tee-shirts manches longues fille ou garçon,24793_Lidlfr_promo,,24793_Lidlfr_promo_2682,136,<strong class="price pricebutton" style="                color:#ee73aa;            "> € 3.49  Le lot au choix,5,3.49,14499,FB812EBB66A20A4E8EF413A165C3593A,2 tee-shirts manches longues fille ou garçon,65D7D4A811CBA19D83F9FBF5B073E57F,18/02/2015 13:52:25,€,E0240EFEE21336F72D38E6B37E11D0CC,FDB2B215ACA454782C69BC1EE9A85D81,86,2682,24793_Lidlfr_promo_2682_14499,Lidl.fr_promo,24793_Lidlfr_promo,24793,http://www.Lidl.fr/fr/offres-513.htm?id=588,,,,
24755_Lidlfr_promo_2682_14499,Nos offres/Lundi 16/02|Auto/Moto/Lundi 16/02,L'unité au choix,Etui pour GPS ou manchons scooter,24755_Lidlfr_promo,,24755_Lidlfr_promo_2682,137,<strong class="price pricebutton" style="                color:#f17230;            "> € 9.99  L'unité au choix,1,9.99,14499,757DEF678AE091C9EC98E9F75972B931,Etui pour GPS ou manchons scooter,89DFE5671B5C56A73668BD8DAAABE0C4,18/02/2015 13:52:28,€,C8DE54F06EEC1B5DF45D88C2FC6EB32C,96BC82D11851FAD841C56BAC26D777A6,86,2682,24755_Lidlfr_promo_2682_14499,Lidl.fr_promo,24755_Lidlfr_promo,24755,http://www.Lidl.fr/fr/offres-513.htm?id=589,,,,
25011_Lidlfr_promo_2682_14499,Nos offres/Lundi 23/02|Extérieur/Lundi 23/02,L'aérosol de 400 ml,Peinture de protection pour métaux,25011_Lidlfr_promo,1 L = 7.47 €,25011_Lidlfr_promo_2682,141,<strong class="price pricebutton" style="                color:#4b650d;            "> € 2.99  L'aérosol de 400 ml  1 L = 7.47 €,1,2.99,14499,88D6E70BCF3AD2B32B0599B306168897,Peinture de protection pour métaux,086F3AC9DADB28783A00384408B5140D,18/02/2015 13:52:52,€,51F171BE1884DEDA8D6309CEC0E45342,68E3BF852693AD8A72F32FDFE50DC6D4,86,2682,25011_Lidlfr_promo_2682_14499,Lidl.fr_promo,25011_Lidlfr_promo,25011,http://www.Lidl.fr/fr/offres-513.htm?id=594,,,,
25013_Lidlfr_promo_2682_14499,Nos offres/Lundi 23/02|Extérieur/Lundi 23/02,Le pot de 5 L,Lasure déco longue durée,25013_Lidlfr_promo,1 L = 2.59 €,25013_Lidlfr_promo_2682,141,<strong class="price pricebutton" style="                color:#4b650d;            "> € 12.99  Le pot de 5 L  1 L = 2.59 €,3,12.99,14499,29A5B314A169C686578D6DB70D085FF2,Lasure déco longue durée,9A08924BD77F42B90273E3BFC32DCF6C,18/02/2015 13:52:53,€,FFDFE4151347104C67113CD524AE8A66,7DAC0F8F86AFC0DB7F7854D370346127,86,2682,25013_Lidlfr_promo_2682_14499,Lidl.fr_promo,25013_Lidlfr_promo,25013,http://www.Lidl.fr/fr/offres-513.htm?id=594,,,,
24832_Lidlfr_promo_2682_14499,Nos offres/Jeudi 19/02|Douce nuit/Jeudi 19/02,La parure au choix,Parure de lit en coton renforcé,24832_Lidlfr_promo,,24832_Lidlfr_promo_2682,139,<strong class="price pricebutton" style="                color:#a65c9b;            "> à partir de  € 11.99  La parure au choix,1,11.99,14499,732CD9DCF1D6AC835A83301146A14E2A,Parure de lit en coton renforcé,ED8972EAE74F17DDBED7E3B6C8ACEF8A,18/02/2015 13:52:42,€,EE28D5EFF883BAFA345641E1E530C7B9,659F7811510C2A2B265A09A56095C702,86,2682,24832_Lidlfr_promo_2682_14499,Lidl.fr_promo,24832_Lidlfr_promo,24832,http://www.Lidl.fr/fr/offres-513.htm?id=590,,,,
24836_Lidlfr_promo_2682_14499,Nos offres/Jeudi 19/02|Douce nuit/Jeudi 19/02,L'unité,Coussin en microfibre,24836_Lidlfr_promo,,24836_Lidlfr_promo_2682,139,<strong class="price pricebutton" style="                color:#a65c9b;            "> € 8.99  L'unité,2,8.99,14499,201F70778F5BC24C0BE89A76D83D7E77,Coussin en microfibre,18A5ADC3D778B6F368FCF9514B165498,18/02/2015 13:52:43,€,DA8C0106716A40853815AC4D51871AEE,BD44F20EE6AC130433C642094CECD336,86,2682,24836_Lidlfr_promo_2682_14499,Lidl.fr_promo,24836_Lidlfr_promo,24836,http://www.Lidl.fr/fr/offres-513.htm?id=590,,,,
24845_Lidlfr_promo_2682_14499,Nos offres/Jeudi 19/02|Douce nuit/Jeudi 19/02,L'unité au choix,Drap-housse en jersey,24845_Lidlfr_promo,,24845_Lidlfr_promo_2682,139,<strong class="price pricebutton" style="                color:#a65c9b;            "> à partir de  € 5.99  L'unité au choix,5,5.99,14499,757D15BF82CD331E8B8EC09F47FEE82E,Drap-housse en jersey,855309D97352E8D7CD128839F4916AF8,18/02/2015 13:52:43,€,A98F3A80206B6F234926A61D1DA7AFFF,FB8AF9B1003EAAF5C36F2F065DA4FCA0,86,2682,24845_Lidlfr_promo_2682_14499,Lidl.fr_promo,24845_Lidlfr_promo,24845,http://www.Lidl.fr/fr/offres-513.htm?id=590,,,,
24847_Lidlfr_promo_2682_14499,Nos offres/Jeudi 19/02|Douce nuit/Jeudi 19/02,L'ensemble au choix,Pyjama homme,24847_Lidlfr_promo,,24847_Lidlfr_promo_2682,139,<strong class="price pricebutton" style="                color:#a65c9b;            "> € 9.99  L'ensemble au choix,7,9.99,14499,1D339B0311A10653DCFE4B3DBB6A4F24,Pyjama homme,9EAF40E44FA9BC185FDFAE03386B96B7,18/02/2015 13:52:44,€,C585DDAC2F071481F42D30B990CFEC02,0743832AD29F3A3EE0F01243AABBC3B8,86,2682,24847_Lidlfr_promo_2682_14499,Lidl.fr_promo,24847_Lidlfr_promo,24847,http://www.Lidl.fr/fr/offres-513.htm?id=590,,,,
24861_Lidlfr_promo_2682_14499,Nos offres/Jeudi 19/02|Douce nuit/Jeudi 19/02,L'unité au choix,Lampe halogène à pince,24861_Lidlfr_promo,,24861_Lidlfr_promo_2682,139,<strong class="price pricebutton" style="                color:#a65c9b;            "> € 5.99  L'unité au choix,9,5.99,14499,56CEC8B7309F8D033E5153557413A3C8,Lampe halogène à pince,9C7602051A6D5E0261D6D922BB25D0DF,18/02/2015 13:52:44,€,F4DE3CE2082B35328F7080691031C17D,4EE81D87959972EC4F7D90FAE46639F5,86,2682,24861_Lidlfr_promo_2682_14499,Lidl.fr_promo,24861_Lidlfr_promo,24861,http://www.Lidl.fr/fr/offres-513.htm?id=590,,,,
24863_Lidlfr_promo_2682_14499,Nos offres/Jeudi 19/02|Douce nuit/Jeudi 19/02,La paire au choix,Lunettes pliables avec étui,24863_Lidlfr_promo,,24863_Lidlfr_promo_2682,139,<strong class="price pricebutton" style="                color:#a65c9b;            "> € 3.49  La paire au choix,10,3.49,14499,FC73D134E638DFB2A01F4E2D4B1FCD4D,Lunettes pliables avec étui,8A1A4E06C99DC5950F2820AC36EFA078,18/02/2015 13:52:45,€,A44632BDF21ABEBCBA0EA1C6020CC9DB,66A733FEBE222A5F3AE377F413C19305,86,2682,24863_Lidlfr_promo_2682_14499,Lidl.fr_promo,24863_Lidlfr_promo,24863,http://www.Lidl.fr/fr/offres-513.htm?id=590,,,,
25019_Lidlfr_promo_2682_14499,Nos offres/Lundi 23/02|Extérieur/Lundi 23/02,L'unité au choix,Jardinière avec niveau d'eau,25019_Lidlfr_promo,,25019_Lidlfr_promo_2682,141,<strong class="price pricebutton" style="                color:#4b650d;            "> à partir de  € 4.99  L'unité au choix,10,4.99,14499,DF383F1C110F67D15BBF65FDC0EE7306,Jardinière avec niveau d'eau,CE9475697EEFE26530AC2342CD18E13D,18/02/2015 13:52:55,€,5BDE297151E41B9D9462402D762BAC5B,112473807DF45853E16204788CE21E2C,86,2682,25019_Lidlfr_promo_2682_14499,Lidl.fr_promo,25019_Lidlfr_promo,25019,http://www.Lidl.fr/fr/offres-513.htm?id=594,,,,
25020_Lidlfr_promo_2682_14499,Nos offres/Lundi 23/02|Extérieur/Lundi 23/02,L'unité au choix,Paillasson,25020_Lidlfr_promo,,25020_Lidlfr_promo_2682,141,<strong class="price pricebutton" style="                color:#4b650d;            "> € 2.99  L'unité au choix,11,2.99,14499,57F8CFCAC28C6E89F2EDAC948239AA40,Paillasson,426B1491E9AC02323B1ACB9D2E7D7AB1,18/02/2015 13:52:55,€,0272BF76E8ABAEA47AB1B182329E2A46,39E947EB63C8BAC0A911B23AC881C9BB,86,2682,25020_Lidlfr_promo_2682_14499,Lidl.fr_promo,25020_Lidlfr_promo,25020,http://www.Lidl.fr/fr/offres-513.htm?id=594,,,,
25015_Lidlfr_promo_2682_14499,Nos offres/Lundi 23/02|Extérieur/Lundi 23/02,Le set au choix,Set de pinceaux,25015_Lidlfr_promo,,25015_Lidlfr_promo_2682,141,<strong class="price pricebutton" style="                color:#4b650d;            "> € 7.99  Le set au choix,5,7.99,14499,90E795C57E39768FC257ED2097F19CC0,Set de pinceaux,AC22FFF27AE02AEA7EA15E20B0070E94,18/02/2015 13:52:53,€,084048AC2AB8E9F4FB838D98C0C1E3DD,05204FDF0A9A07A4EAC25EC99AF7AE24,86,2682,25015_Lidlfr_promo_2682_14499,Lidl.fr_promo,25015_Lidlfr_promo,25015,http://www.Lidl.fr/fr/offres-513.htm?id=594,,,,
25017_Lidlfr_promo_2682_14499,Nos offres/Lundi 23/02|Extérieur/Lundi 23/02,L'unité,Pulvérisateur à pression,25017_Lidlfr_promo,,25017_Lidlfr_promo_2682,141,<strong class="price pricebutton" style="                color:#4b650d;            "> € 3.99  L'unité,7,3.99,14499,F67C5529EAAE30C012301FAD5CBAA27C,Pulvérisateur à pression,9B10667F67F97BE7E52128C0B6159B13,18/02/2015 13:52:54,€,F7F0C57EA0074E99E0A9612F7B4C6FE6,DB4AF40394D17C2399D9B2BECF0A961D,86,2682,25017_Lidlfr_promo_2682_14499,Lidl.fr_promo,25017_Lidlfr_promo,25017,http://www.Lidl.fr/fr/offres-513.htm?id=594,,,,
24944_Lidlfr_promo_2682_14499,Nos offres/Jeudi 19/02|Maison/Jeudi 19/02,L'unité au choix,Mini commode,24944_Lidlfr_promo,,24944_Lidlfr_promo_2682,140,<strong class="price pricebutton" style="                color:#f3846a;            "> € 14.99*  L'unité au choix,1,14.99,14499,521BD149204CCDCD154698B806C7DE8C,Mini commode,D1CDFC87E0456E177A4139DCAF9ACF09,18/02/2015 13:52:47,€,9D1B50027B8409A15308594C1C55DF20,4EA59864816087BB60D6E5680C047A5E,86,2682,24944_Lidlfr_promo_2682_14499,Lidl.fr_promo,24944_Lidlfr_promo,24944,http://www.Lidl.fr/fr/offres-513.htm?id=592,,,,
24946_Lidlfr_promo_2682_14499,Nos offres/Jeudi 19/02|Maison/Jeudi 19/02,Le lot au choix,4 boutons de meuble,24946_Lidlfr_promo,,24946_Lidlfr_promo_2682,140,<strong class="price pricebutton" style="                color:#f3846a;            "> € 3.99*  Le lot au choix,3,3.99,14499,5BF96FE7A5AEF8C93763054BD75CEEA3,4 boutons de meuble,589D43924F1D0961DD367FA93C28E1C5,18/02/2015 13:52:48,€,FCB96AAF1B3C7F0D1D1DDBE611B9455A,52AC89F6FD092A77578033A1B21594FF,86,2682,24946_Lidlfr_promo_2682_14499,Lidl.fr_promo,24946_Lidlfr_promo,24946,http://www.Lidl.fr/fr/offres-513.htm?id=592,,,,
24951_Lidlfr_promo_2682_14499,Nos offres/Jeudi 19/02|Maison/Jeudi 19/02,L'unité au choix,Coussin,24951_Lidlfr_promo,,24951_Lidlfr_promo_2682,140,<strong class="price pricebutton" style="                color:#f3846a;            "> € 4.99  L'unité au choix,9,4.99,14499,D7B65F415935B4C6E8FC46C1D513C9AF,Coussin,DF72C6AD0B856200CC69A14AF3DB0F90,18/02/2015 13:52:49,€,C49A69F6FB63730FDDBBA8D69A12438E,493733B1EA397D196293BBF12B839A4F,86,2682,24951_Lidlfr_promo_2682_14499,Lidl.fr_promo,24951_Lidlfr_promo,24951,http://www.Lidl.fr/fr/offres-513.htm?id=592,,,,
24953_Lidlfr_promo_2682_14499,Nos offres/Jeudi 19/02|Maison/Jeudi 19/02,Le lot au choix,2 sets de table,24953_Lidlfr_promo,,24953_Lidlfr_promo_2682,140,<strong class="price pricebutton" style="                color:#f3846a;            "> € 2.99  Le lot au choix,11,2.99,14499,C187C295D50FEE21F9F053E69D7C9FEB,2 sets de table,EC22924AF1B70FC6EB117FE9955E4E9E,18/02/2015 13:52:50,€,36100C74894B7BBD2EDACD0AD9011D42,ABC8818C03E3574658E1A5DD95D2FF8D,86,2682,24953_Lidlfr_promo_2682_14499,Lidl.fr_promo,24953_Lidlfr_promo,24953,http://www.Lidl.fr/fr/offres-513.htm?id=592,,,,
24948_Lidlfr_promo_2682_14499,Nos offres/Jeudi 19/02|Maison/Jeudi 19/02,Le lot ou l'unité au choix,Accessoire(s) de décoration,24948_Lidlfr_promo,,24948_Lidlfr_promo_2682,140,<strong class="price pricebutton" style="                color:#f3846a;            "> € 2.99  Le lot ou l'unité au choix,6,2.99,14499,EFCC13E7D52FA89A702DD787F5A7D3BB,Accessoire(s) de décoration,47ED815D6FBEAC038BFD3DF09FC2EA03,18/02/2015 13:52:48,€,95458107272DA92388D56AE40688310A,4579B0511A0E6319628FFC17CC6B3998,86,2682,24948_Lidlfr_promo_2682_14499,Lidl.fr_promo,24948_Lidlfr_promo,24948,http://www.Lidl.fr/fr/offres-513.htm?id=592,,,,
24917_Lidlfr_promo_2682_14499,Nos promos/Moins cher,800 g,Pilons de poulet,24917_Lidlfr_promo,1 kg = 3.74 €,24917_Lidlfr_promo_2682,145,<small class="pricecut" style="                color:#e52031;                            background-color:#ffffff;                            border:1px solid #e52031;            "> -18% <em class="priceold" style="                border-left: 2px solid #e52031;            "> 3.69   <small class="specialdesc" style="                background-color: #e52031;            ">18/02 - 24/02  <strong class="price pricebutton" style="                color:#e52031;            "> € 2.99    800 g  1 kg = 3.74 €,1,2.99,14499,E2AFA81B43B2621A06797F0F2706B2A5,Pilons de poulet,5F102D69308AB7AD627A8757AEB4F06A,18/02/2015 13:53:19,€,8E840317DFB8DEF5B899168C59CAD326,905FB31E485E7F2FAD5CBA1F425D72E6,86,2682,24917_Lidlfr_promo_2682_14499,Lidl.fr_promo,24917_Lidlfr_promo,24917,http://www.Lidl.fr/fr/moins-cher.htm,-18%,18/02 - 24/02,3.69,
24919_Lidlfr_promo_2682_14499,Nos promos/Moins cher,6 x 130 g,6 cheeseburgers au bœuf,24919_Lidlfr_promo,1 kg = 3.83 €,24919_Lidlfr_promo_2682,145,<small class="pricecut" style="                color:#e52031;                            background-color:#ffffff;                            border:1px solid #e52031;            "> -18% <em class="priceold" style="                border-left: 2px solid #e52031;            "> 3.69   <small class="specialdesc" style="                background-color: #e52031;            ">18/02 - 24/02  <strong class="price pricebutton" style="                color:#e52031;            "> € 2.99    6 x 130 g  1 kg = 3.83 €,3,2.99,14499,69149D37C7E6C2F75766303B33B659E6,6 cheeseburgers au bœuf,3A2F39EB908C75B5EA92AFA63E0E689B,18/02/2015 13:53:19,€,BECD919F32EF3E7B201D9CDA96FDBD65,3A451D508BE07D684C2FACE70E6ECF9D,86,2682,24919_Lidlfr_promo_2682_14499,Lidl.fr_promo,24919_Lidlfr_promo,24919,http://www.Lidl.fr/fr/moins-cher.htm,-18%,18/02 - 24/02,3.69,
24920_Lidlfr_promo_2682_14499,Nos promos/Moins cher,2 x 150 g au choix,2 cheeseburgers,24920_Lidlfr_promo,1 kg = 5.30 €,24920_Lidlfr_promo_2682,145,<small class="pricecut" style="                color:#e52031;                            background-color:#ffffff;                            border:1px solid #e52031;            "> -20% <em class="priceold" style="                border-left: 2px solid #e52031;            "> 1.99   <small class="specialdesc" style="                background-color: #e52031;            ">18/02 - 24/02  <strong class="price pricebutton" style="                color:#e52031;            "> € 1.59    2 x 150 g au choix  1 kg = 5.30 €,4,1.59,14499,121D366A4863D7DE2B08EA025830272C,2 cheeseburgers,E2C91656981020603EEF26E2209836A6,18/02/2015 13:53:19,€,3390ABC80F31D1E2879EBADCC7361E5F,F00C0EEB95F5A928C3814BC3B3EE962B,86,2682,24920_Lidlfr_promo_2682_14499,Lidl.fr_promo,24920_Lidlfr_promo,24920,http://www.Lidl.fr/fr/moins-cher.htm,-20%,18/02 - 24/02,1.99,
24922_Lidlfr_promo_2682_14499,Nos promos/Moins cher,Soit le lot de 2 x 275 g,Le Rustique camembert,24922_Lidlfr_promo,1 kg = 4.22 €,24922_Lidlfr_promo_2682,145,<small class="pricecut" style="                color:#e52031;                            background-color:#ffffff;                            border:1px solid #e52031;            "> -50% sur le 2ème  <small class="specialdesc" style="                background-color: #e52031;            ">18/02 - 24/02  <strong class="price pricebutton" style="                color:#e52031;            "> € 2.32    Soit le lot de 2 x 275 g  1 kg = 4.22 €,6,2.32,14499,17481297B39A5D04B768C97419A474DD,Le Rustique camembert,085CE0D202731E1C8FD9AA923AC6882F,18/02/2015 13:53:19,€,A5C34CBC461AC69D9634615F1E4B61A0,4BADF6FCE1FB568BA4D71E1645E5DA27,86,2682,24922_Lidlfr_promo_2682_14499,Lidl.fr_promo,24922_Lidlfr_promo,24922,http://www.Lidl.fr/fr/moins-cher.htm,-50% sur le 2ème,18/02 - 24/02,,
24931_Lidlfr_promo_2682_14499,Nos promos/Moins cher,4 x 80 g au choix,Mousse liégeoise,24931_Lidlfr_promo,1 kg = 2.47 €,24931_Lidlfr_promo_2682,145,<small class="pricecut" style="                color:#e52031;                            background-color:#ffffff;                            border:1px solid #e52031;            "> -20% <em class="priceold" style="                border-left: 2px solid #e52031;            "> 0.99   <small class="specialdesc" style="                background-color: #e52031;            ">18/02 - 24/02  <strong class="price pricebutton" style="                color:#e52031;            "> € 0.79    4 x 80 g au choix  1 kg = 2.47 €,8,0.79,14499,8AD792E316A56133F68E8493F0CF1D2D,Mousse liégeoise,9955FEA1A0090061A2993DCB6EDBBB73,18/02/2015 13:53:19,€,EEC2DC2113B9DBE72044F0BB2869B8DA,474E406FC68C5E3F0BCE9A7206CDEF5E,86,2682,24931_Lidlfr_promo_2682_14499,Lidl.fr_promo,24931_Lidlfr_promo,24931,http://www.Lidl.fr/fr/moins-cher.htm,-20%,18/02 - 24/02,0.99,
24933_Lidlfr_promo_2682_14499,Nos promos/Moins cher,La bouteille de 1 L,Pur jus de 4 agrumes,24933_Lidlfr_promo,,24933_Lidlfr_promo_2682,145,<small class="pricecut" style="                color:#e52031;                            background-color:#ffffff;                            border:1px solid #e52031;            "> -20% <em class="priceold" style="                border-left: 2px solid #e52031;            "> 0.99   <small class="specialdesc" style="                background-color: #e52031;            ">18/02 - 24/02  <strong class="price pricebutton" style="                color:#e52031;            "> € 0.79    La bouteille de 1 L,10,0.79,14499,000D562AFB77B582CA15F738F4F353F6,Pur jus de 4 agrumes,C157A9EF8C530366ED3CECFD3B39F9C1,18/02/2015 13:53:19,€,2E8D07005BC9EC0DDF793576DC0F817F,942DAAC277DACED487D09DDCBE753D73,86,2682,24933_Lidlfr_promo_2682_14499,Lidl.fr_promo,24933_Lidlfr_promo,24933,http://www.Lidl.fr/fr/moins-cher.htm,-20%,18/02 - 24/02,0.99,
24935_Lidlfr_promo_2682_14499,Nos promos/Moins cher,75 cl,Côtes de Bordeaux AOP,24935_Lidlfr_promo,1 L = 2.79 €,24935_Lidlfr_promo_2682,145,<small class="pricecut" style="                color:#e52031;                            background-color:#ffffff;                            border:1px solid #e52031;            "> -22% <em class="priceold" style="                border-left: 2px solid #e52031;            "> 2.69   <small class="specialdesc" style="                background-color: #e52031;            ">18/02 - 24/02  <strong class="price pricebutton" style="                color:#e52031;            "> € 2.09    75 cl  1 L = 2.79 €,12,2.09,14499,57094FABF183A9D10DDA4D23E5755402,Côtes de Bordeaux AOP,630E5BEDCD698A3DF54BE210828E6768,18/02/2015 13:53:19,€,30BF56645193A6A99D04D523EF41F67E,546B5E6A6DFE42925B8A87EBCAC1A9CB,86,2682,24935_Lidlfr_promo_2682_14499,Lidl.fr_promo,24935_Lidlfr_promo,24935,http://www.Lidl.fr/fr/moins-cher.htm,-22%,18/02 - 24/02,2.69,
25161_Lidlfr_promo_2682_14499,Nos promos/Moins cher,180 g,Jambon supérieur,25161_Lidlfr_promo,1 kg = 6.61 €,25161_Lidlfr_promo_2682,145,<small class="pricecut" style="                color:#e52031;                            background-color:#ffffff;                            border:1px solid #e52031;            "> -20% <em class="priceold" style="                border-left: 2px solid #e52031;            "> 1.49   <small class="specialdesc" style="                background-color: #e52031;            ">25/02 - 03/03  <strong class="price pricebutton" style="                color:#e52031;            "> € 1.19    180 g  1 kg = 6.61 €,16,1.19,14499,AA17845B1092E3B9E0AFF71E001946D8,Jambon supérieur,14C33DBB91D381B49D218959BDF9A229,18/02/2015 13:53:20,€,DE6E524513A7F6BB9D1663C28F581FA5,A7A6B51B4DA2A493F024AAC42D94C7CD,86,2682,25161_Lidlfr_promo_2682_14499,Lidl.fr_promo,25161_Lidlfr_promo,25161,http://www.Lidl.fr/fr/moins-cher.htm,-20%,25/02 - 03/03,1.49,
25163_Lidlfr_promo_2682_14499,Nos promos/Moins cher,100 g,Jambon de Bayonne IGP,25163_Lidlfr_promo,1 kg = 12.90 €,25163_Lidlfr_promo_2682,145,<small class="pricecut" style="                color:#e52031;                            background-color:#ffffff;                            border:1px solid #e52031;            "> -13% <em class="priceold" style="                border-left: 2px solid #e52031;            "> 1.49   <small class="specialdesc" style="                background-color: #e52031;            ">25/02 - 03/03  <strong class="price pricebutton" style="                color:#e52031;            "> € 1.29    100 g  1 kg = 12.90 €,18,1.29,14499,2E0E11AC8BA8C3C65AF7C9249CEC1C85,Jambon de Bayonne IGP,FB365373B7BEE9985866E96800C49B25,18/02/2015 13:53:20,€,24D5DD6417E21636885FE69E38697857,7E4DDECD5564E9FE8A83E41821797CA3,86,2682,25163_Lidlfr_promo_2682_14499,Lidl.fr_promo,25163_Lidlfr_promo,25163,http://www.Lidl.fr/fr/moins-cher.htm,-13%,25/02 - 03/03,1.49,
25165_Lidlfr_promo_2682_14499,Nos promos/Moins cher,2 x 400 g,Raclette en tranchettes,25165_Lidlfr_promo,1 kg = 5.49 €,25165_Lidlfr_promo_2682,145,<small class="pricecut" style="                color:#e52031;                            background-color:#ffffff;                            border:1px solid #e52031;            "> -17% <em class="priceold" style="                border-left: 2px solid #e52031;            "> 5.29   <small class="specialdesc" style="                background-color: #e52031;            ">25/02 - 03/03  <strong class="price pricebutton" style="                color:#e52031;            "> € 4.39    2 x 400 g  1 kg = 5.49 €,20,4.39,14499,08070F0E248094FDA18E877112E04BD5,Raclette en tranchettes,EB7A0D744B368823BBDDE6E4A179F8C4,18/02/2015 13:53:20,€,4FECD6EA24F7BF73B84A7F9DE0FAB292,3773B6CF600F775304F7489130B3D7D1,86,2682,25165_Lidlfr_promo_2682_14499,Lidl.fr_promo,25165_Lidlfr_promo,25165,http://www.Lidl.fr/fr/moins-cher.htm,-17%,25/02 - 03/03,5.29,
25167_Lidlfr_promo_2682_14499,Nos promos/Moins cher,250 g,Morbier au lait cru AOP,25167_Lidlfr_promo,1 kg = 6.76 €,25167_Lidlfr_promo_2682,145,<small class="pricecut" style="                color:#e52031;                            background-color:#ffffff;                            border:1px solid #e52031;            "> -21% <em class="priceold" style="                border-left: 2px solid #e52031;            "> 2.15   <small class="specialdesc" style="                background-color: #e52031;            ">25/02 - 03/03  <strong class="price pricebutton" style="                color:#e52031;            "> € 1.69    250 g  1 kg = 6.76 €,22,1.69,14499,EF02DA050CDE2B8991927575E900036D,Morbier au lait cru AOP,DF5C38187CD2C08F865E405846863C38,18/02/2015 13:53:20,€,295573AC030ADB8D19DAADFB9B2C132D,25485DF232E188A3F3E514EE1C9DE020,86,2682,25167_Lidlfr_promo_2682_14499,Lidl.fr_promo,25167_Lidlfr_promo,25167,http://www.Lidl.fr/fr/moins-cher.htm,-21%,25/02 - 03/03,2.15,
25169_Lidlfr_promo_2682_14499,Nos promos/Moins cher,350 g au choix,Lunettes de Romans,25169_Lidlfr_promo,1 kg = 4.54 €,25169_Lidlfr_promo_2682,145,<small class="pricecut" style="                color:#e52031;                            background-color:#ffffff;                            border:1px solid #e52031;            "> -20% <em class="priceold" style="                border-left: 2px solid #e52031;            "> 1.99   <small class="specialdesc" style="                background-color: #e52031;            ">25/02 - 03/03  <strong class="price pricebutton" style="                color:#e52031;            "> € 1.59    350 g au choix  1 kg = 4.54 €,24,1.59,14499,7622480D02051EE4117E73638419A446,Lunettes de Romans,0699FE6CF214CABD9611998FC33C91E3,18/02/2015 13:53:20,€,6398466663193C540014FE804E94CE2E,8DE251FEAE057B8675FB551E684A295C,86,2682,25169_Lidlfr_promo_2682_14499,Lidl.fr_promo,25169_Lidlfr_promo,25169,http://www.Lidl.fr/fr/moins-cher.htm,-20%,25/02 - 03/03,1.99,
25170_Lidlfr_promo_2682_14499,Nos promos/Moins cher,8 x 100 g au choix,Fromage blanc,25170_Lidlfr_promo,1 kg = 1.56 €,25170_Lidlfr_promo_2682,145,<small class="pricecut" style="                color:#e52031;                            background-color:#ffffff;                            border:1px solid #e52031;            "> -19% <em class="priceold" style="                border-left: 2px solid #e52031;            "> 1.55   <small class="specialdesc" style="                background-color: #e52031;            ">25/02 - 03/03  <strong class="price pricebutton" style="                color:#e52031;            "> € 1.25    8 x 100 g au choix  1 kg = 1.56 €,25,1.25,14499,5FD737F1618B4F78172570D6E63444CF,Fromage blanc,704391EE1EE89771496C4F236E83D5FD,18/02/2015 13:53:20,€,56188F63C3712075D32E14A9551094E0,4D70135CF4B09E7B072F9F78863F2600,86,2682,25170_Lidlfr_promo_2682_14499,Lidl.fr_promo,25170_Lidlfr_promo,25170,http://www.Lidl.fr/fr/moins-cher.htm,-19%,25/02 - 03/03,1.55,
25172_Lidlfr_promo_2682_14499,Nos promos/Moins cher,La bouteille de 1 L,Rhum blanc traditionnel des Antilles,25172_Lidlfr_promo,,25172_Lidlfr_promo_2682,145,<small class="pricecut" style="                color:#e52031;                            background-color:#ffffff;                            border:1px solid #e52031;            "> -20% <em class="priceold" style="                border-left: 2px solid #e52031;            "> 14.49   <small class="specialdesc" style="                background-color: #e52031;            ">25/02 - 03/03  <strong class="price pricebutton" style="                color:#e52031;            "> € 11.59    La bouteille de 1 L,27,11.59,14499,CA8A2B29D751296D1F3CC6D429534E23,Rhum blanc traditionnel des Antilles,F4B71DF481FC7908B10C3F5322BCC70D,18/02/2015 13:53:20,€,F348EE02747CF85DA551D0CC730BBB6D,A2A12471535005FFEF2984CFA21C8EDA,86,2682,25172_Lidlfr_promo_2682_14499,Lidl.fr_promo,25172_Lidlfr_promo,25172,http://www.Lidl.fr/fr/moins-cher.htm,-20%,25/02 - 03/03,14.49,
25095_Lidlfr_promo_2682_14499,Nos offres/Mercredi 25/02|Savoie/Mercredi 25/02,3 x 180 g,Assortiment de 3 terrines savoyardes,25095_Lidlfr_promo,1 kg = 4.61 €,25095_Lidlfr_promo_2682,142,<strong class="price pricebutton" style="                color:#007d9b;            "> € 2.49  3 x 180 g  1 kg = 4.61 €,1,2.49,14499,959A6977DB6BA4B53BF16AC5F23901E0,Assortiment de 3 terrines savoyardes,22C99C8B488FC52B00E242662526DACF,18/02/2015 13:52:58,€,67E681CFB6386E67DE93B98D1A5569CE,875FFA7F896A4DA039E296E2D1F54937,86,2682,25095_Lidlfr_promo_2682_14499,Lidl.fr_promo,25095_Lidlfr_promo,25095,http://www.Lidl.fr/fr/offres-513.htm?id=596,,,,
25097_Lidlfr_promo_2682_14499,Nos offres/Mercredi 25/02|Savoie/Mercredi 25/02,600 g,Crozets au beaufort AOP et mini diots,25097_Lidlfr_promo,1 kg = 8.82 €,25097_Lidlfr_promo_2682,142,<strong class="price pricebutton" style="                color:#007d9b;            "> € 5.29  600 g  1 kg = 8.82 €,3,5.29,14499,78F449D8B9B640AF4D540CA3393F7E3C,Crozets au beaufort AOP et mini diots,23D6DB1E4F4BFD0EB07C8DDC4B51E487,18/02/2015 13:52:58,€,7BA10368E12DBD2D2D876AF243C3BB0F,233E90F3F8794E85BC244BE259A99724,86,2682,25097_Lidlfr_promo_2682_14499,Lidl.fr_promo,25097_Lidlfr_promo,25097,http://www.Lidl.fr/fr/offres-513.htm?id=596,,,,
25112_Lidlfr_promo_2682_14499,Nos offres/Mercredi 25/02|Savoie/Mercredi 25/02,600 g,Gratin savoyard au beaufort AOP et mini diots,25112_Lidlfr_promo,1 kg = 8.32 €,25112_Lidlfr_promo_2682,142,<strong class="price pricebutton" style="                color:#007d9b;            "> € 4.99  600 g  1 kg = 8.32 €,4,4.99,14499,50AE4B3AE29D36F38E2566DE5BC15CA3,Gratin savoyard au beaufort AOP et mini diots,93437C3D3BC8A76FFBF89FF38D7E430C,18/02/2015 13:52:58,€,979FBE9DF943CE277F3F732A0F8F752F,F02E21C27440AEF2E5C495CE615279E3,86,2682,25112_Lidlfr_promo_2682_14499,Lidl.fr_promo,25112_Lidlfr_promo,25112,http://www.Lidl.fr/fr/offres-513.htm?id=596,,,,
25107_Lidlfr_promo_2682_14499,Nos offres/Mercredi 25/02|Savoie/Mercredi 25/02,2 x 125 g,Yaourt de Savoie à la praline rose,25107_Lidlfr_promo,1 kg = 5.56 €,25107_Lidlfr_promo_2682,142,<strong class="price pricebutton" style="                color:#007d9b;            "> € 1.39  2 x 125 g  1 kg = 5.56 €,14,1.39,14499,9B09C5650BA851831C3B000DACD78E72,Yaourt de Savoie à la praline rose,F3ADCC3364E55F2E8337C78C92D2DEF2,18/02/2015 13:53:01,€,3D9B3CE7A3EC56D091A75A10F790AC8C,B76226C0B9542B5FA7C4FF56FF755802,86,2682,25107_Lidlfr_promo_2682_14499,Lidl.fr_promo,25107_Lidlfr_promo,25107,http://www.Lidl.fr/fr/offres-513.htm?id=596,,,,
25109_Lidlfr_promo_2682_14499,Nos offres/Mercredi 25/02|Savoie/Mercredi 25/02,70 cl,Absinthe,25109_Lidlfr_promo,1 L = 24.27 €,25109_Lidlfr_promo_2682,142,<strong class="price pricebutton" style="                color:#007d9b;            "> € 16.99  70 cl  1 L = 24.27 €,16,16.99,14499,9D9039724E8B326C6874301408B99744,Absinthe,88914CD20D5773D7764737E8520E2F41,18/02/2015 13:53:01,€,C7E9E738F8CF2FF140D86526C3B4BEA5,B759459D85D5C74EBD26499BBDB165E1,86,2682,25109_Lidlfr_promo_2682_14499,Lidl.fr_promo,25109_Lidlfr_promo,25109,http://www.Lidl.fr/fr/offres-513.htm?id=596,,,,
25110_Lidlfr_promo_2682_14499,Nos offres/Mercredi 25/02|Savoie/Mercredi 25/02,70 cl,Génépi des Alpes,25110_Lidlfr_promo,1 L = 17.13 €,25110_Lidlfr_promo_2682,142,<strong class="price pricebutton" style="                color:#007d9b;            "> € 11.99  70 cl  1 L = 17.13 €,17,11.99,14499,9441EA925ECE7DD9CC0B79AC23339D56,Génépi des Alpes,9DD16FB53185835A5C52B9D00B764981,18/02/2015 13:53:02,€,2A02B70F91054F2D083294EB938B4478,C14D241ACBC5861CFB8BD95CF2535812,86,2682,25110_Lidlfr_promo_2682_14499,Lidl.fr_promo,25110_Lidlfr_promo,25110,http://www.Lidl.fr/fr/offres-513.htm?id=596,,,,
25099_Lidlfr_promo_2682_14499,Nos offres/Mercredi 25/02|Savoie/Mercredi 25/02,300 g,Tartiflette au reblochon de Savoie AOP Label Rouge,25099_Lidlfr_promo,1 kg = 9.97 €,25099_Lidlfr_promo_2682,142,<strong class="price pricebutton" style="                color:#007d9b;            "> € 2.99  300 g  1 kg = 9.97 €,6,2.99,14499,4DFD030781C51DAC5AEF911752EA0AA9,Tartiflette au reblochon de Savoie AOP Label Rouge,BFAC928E0A0C0947056BAC75AF55D0C9,18/02/2015 13:52:59,€,3EEFF642B0EFF614CA6DF34BD9C7E816,BC4647BDDD46EE572310781A51030572,86,2682,25099_Lidlfr_promo_2682_14499,Lidl.fr_promo,25099_Lidlfr_promo,25099,http://www.Lidl.fr/fr/offres-513.htm?id=596,,,,
25101_Lidlfr_promo_2682_14499,Nos offres/Mercredi 25/02|Savoie/Mercredi 25/02,350 g,Tarte flambée recette raclette,25101_Lidlfr_promo,1 kg = 7.11 €,25101_Lidlfr_promo_2682,142,<strong class="price pricebutton" style="                color:#007d9b;            "> € 2.49  350 g  1 kg = 7.11 €,8,2.49,14499,0D390C4900814707391215D4A5E60BF6,Tarte flambée recette raclette,C6F2E8352AA36A2A60BC26B263CC858D,18/02/2015 13:52:59,€,52773DD966DFDBE8316411F6B516B60A,940222ADE2401C27CF112992065C8877,86,2682,25101_Lidlfr_promo_2682_14499,Lidl.fr_promo,25101_Lidlfr_promo,25101,http://www.Lidl.fr/fr/offres-513.htm?id=596,,,,
25145_Lidlfr_promo_2682_14499,Nos offres/Mercredi 25/02|Viandes de bœuf/Mercredi 25/02,8 x 125 g,Steaks hachés façon bouchère pur bœuf,25145_Lidlfr_promo,,25145_Lidlfr_promo_2682,143,<strong class="price pricebutton" style="                color:#eb212e;            "> € 7.29  8 x 125 g,8,7.29,14499,082D6B069DC624A2FE46348B1ECDFD9B,Steaks hachés façon bouchère pur bœuf,1776278646EFBF7DC12F39AED6B4AABB,18/02/2015 13:53:07,€,2B52D8C95C61E5E335020959950DD0A9,BE419CDF098BAE8C8530EA4F19AF3837,86,2682,25145_Lidlfr_promo_2682_14499,Lidl.fr_promo,25145_Lidlfr_promo,25145,http://www.Lidl.fr/fr/offres-513.htm?id=597,,,,
25147_Lidlfr_promo_2682_14499,Nos offres/Mercredi 25/02|Viandes de bœuf/Mercredi 25/02,30 x 30 g,Boulettes au bœuf,25147_Lidlfr_promo,1 kg = 4.83 €,25147_Lidlfr_promo_2682,143,<strong class="price pricebutton" style="                color:#eb212e;            "> € 4.35  30 x 30 g  1 kg = 4.83 €,10,4.35,14499,B0B7B14C635DDF5F283E8DAC059745CA,Boulettes au bœuf,3765DE161B0FA8F98BA1F8E2CDA0D10A,18/02/2015 13:53:07,€,E8EA26ABA931ACA9D9A61930A48ED115,18318DA7DAE61A542729D9DA994161BE,86,2682,25147_Lidlfr_promo_2682_14499,Lidl.fr_promo,25147_Lidlfr_promo,25147,http://www.Lidl.fr/fr/offres-513.htm?id=597,,,,
25141_Lidlfr_promo_2682_14499,Nos offres/Mercredi 25/02|Viandes de bœuf/Mercredi 25/02,180 g,1 entrecôte,25141_Lidlfr_promo,1 kg = 19.94 €,25141_Lidlfr_promo_2682,143,<strong class="price pricebutton" style="                color:#eb212e;            "> € 3.59  180 g  1 kg = 19.94 €,4,3.59,14499,FE585529494A008DE969620533D752FC,1 entrecôte,2CD302A797A288C450136726C2368C60,18/02/2015 13:53:06,€,F65A4D63D250584D0E654B0DAF4EFD8C,0B7127C966FA2DC3E83D3C9651E9D9B6,86,2682,25141_Lidlfr_promo_2682_14499,Lidl.fr_promo,25141_Lidlfr_promo,25141,http://www.Lidl.fr/fr/offres-513.htm?id=597,,,,
25143_Lidlfr_promo_2682_14499,Nos offres/Mercredi 25/02|Viandes de bœuf/Mercredi 25/02,10 x 100 g,Steaks hachés pur bœuf,25143_Lidlfr_promo,,25143_Lidlfr_promo_2682,143,<strong class="price pricebutton" style="                color:#eb212e;            "> € 5.17  10 x 100 g,6,5.17,14499,4BB670914E64ED1E0CC333529C8A96C1,Steaks hachés pur bœuf,767CDD4A08E8B4B88F133B6161E2B0F9,18/02/2015 13:53:07,€,3842B45569EEC6EE017BF0EB19EBDBD7,BFC58C81E954A4EE8722992437A86D9D,86,2682,25143_Lidlfr_promo_2682_14499,Lidl.fr_promo,25143_Lidlfr_promo,25143,http://www.Lidl.fr/fr/offres-513.htm?id=597,,,,
25103_Lidlfr_promo_2682_14499,Nos offres/Mercredi 25/02|Savoie/Mercredi 25/02,325 g,Tarte aux 3 fromages savoyards,25103_Lidlfr_promo,1 kg = 12.28 €,25103_Lidlfr_promo_2682,142,<strong class="price pricebutton" style="                color:#007d9b;            "> € 3.99  325 g  1 kg = 12.28 €,10,3.99,14499,05D22859D6CFFBA059DB9C03EE4A6E11,Tarte aux 3 fromages savoyards,C0E949A8B24AAFFEB1F9D5977D93A5FE,18/02/2015 13:53:00,€,AAA1957468B2A97FA9B43389506CBE8A,D82604DE52C7A4C0D104443D90790B81,86,2682,25103_Lidlfr_promo_2682_14499,Lidl.fr_promo,25103_Lidlfr_promo,25103,http://www.Lidl.fr/fr/offres-513.htm?id=596,,,,
25105_Lidlfr_promo_2682_14499,Nos offres/Mercredi 25/02|Savoie/Mercredi 25/02,300 g,Tomme de Savoie IGP,25105_Lidlfr_promo,1 kg = 10.30 €,25105_Lidlfr_promo_2682,142,<strong class="price pricebutton" style="                color:#007d9b;            "> € 3.09  300 g  1 kg = 10.30 €,12,3.09,14499,ADAC402393CA32366B79E602A499A8C4,Tomme de Savoie IGP,501C08B960CB953A500100548F85EDA0,18/02/2015 13:53:00,€,C9091233DD3489F0E68C2ACDB6DB0D31,DA29469A4B6418140138895517BE93C4,86,2682,25105_Lidlfr_promo_2682_14499,Lidl.fr_promo,25105_Lidlfr_promo,25105,http://www.Lidl.fr/fr/offres-513.htm?id=596,,,,
25035_Lidlfr_promo_2682_14499,Nos promos/Super samedi,750 g,Paupiettes de porc,25035_Lidlfr_promo,1 kg = 5.32 €,25035_Lidlfr_promo_2682,146,<small class="pricecut" style="                color:#e52031;                            background-color:#ffffff;                            border:1px solid #e52031;            "> -22% <em class="priceold" style="                border-left: 2px solid #e52031;            "> 5.15   <small class="specialdesc" style="                background-color: #e52031;            ">21/02 - 21/02  <strong class="price pricebutton" style="                color:#e52031;            "> € 3.99    750 g  1 kg = 5.32 €,2,3.99,14499,380351962ED7C0BABC6EF876060DB46D,Paupiettes de porc,C16D17ED88C74073C7DB0896FEB6ADD0,18/02/2015 13:53:27,€,B64886924F7792E5406A914C520586B3,099E842AF821E68C6B90D20DDCFC0FC8,86,2682,25035_Lidlfr_promo_2682_14499,Lidl.fr_promo,25035_Lidlfr_promo,25035,http://www.Lidl.fr/fr/super-samedi.htm,-22%,21/02 - 21/02,5.15,
25042_Lidlfr_promo_2682_14499,Nos promos/Fruits & légumes,La pièce,Salade iceberg,25042_Lidlfr_promo,,25042_Lidlfr_promo_2682,147,<small class="specialdesc" style="                background-color: #f1830c;            ">18/02 - 21/02  <strong class="price pricebutton" style="                color:#cf6d04;            "> € 0.79    La pièce,2,0.79,14499,00443201F203FFA24938B88DCA970157,Salade iceberg,611029E13175D4856B478813DD4AE655,18/02/2015 13:53:30,€,6C82379BC77799B0B18F05ADF2CE6141,4F7E82050E79D3F6A24897B6413CB90F,86,2682,25042_Lidlfr_promo_2682_14499,Lidl.fr_promo,25042_Lidlfr_promo,25042,http://www.Lidl.fr/fr/fruits-legumes.htm,,18/02 - 21/02,,
25044_Lidlfr_promo_2682_14499,Nos promos/Fruits & légumes,La barquette de 1 kg,Carottes des sables,25044_Lidlfr_promo,,25044_Lidlfr_promo_2682,147,<small class="specialdesc" style="                background-color: #f1830c;            ">18/02 - 21/02  <strong class="price pricebutton" style="                color:#cf6d04;            "> € 1.29    La barquette de 1 kg,4,1.29,14499,B81E4A7A79BFC758E87CFE0AD0F8D53E,Carottes des sables,1C8A98392BB4B0AA4407D29740873054,18/02/2015 13:53:31,€,EE38FAF689F54A00E3A8CEB844DB722D,BCEA8E33F6A05964BDF4AC26C1AA89CF,86,2682,25044_Lidlfr_promo_2682_14499,Lidl.fr_promo,25044_Lidlfr_promo,25044,http://www.Lidl.fr/fr/fruits-legumes.htm,,18/02 - 21/02,,
24973_Lidlfr_promo_2682_14499,Nos promos/Plantes & fleurs,L'unité au choix,Plantes vertes,24973_Lidlfr_promo,Le 18/02,24973_Lidlfr_promo_2682,148,<strong class="price pricebutton" style="                color:#f05660;            "> € 21.99  L'unité au choix  Le 18/02,1,21.99,14499,77B241215F5FB61E29B394947EB1BAD0,Plantes vertes,2B7AD1FD87E95A2BAEBB80AA04228A97,18/02/2015 13:53:35,€,336CAAEFFB6B7DA77BE82C86A3B048BB,47AF7FCA91DD663217384FADCD58C8AB,86,2682,24973_Lidlfr_promo_2682_14499,Lidl.fr_promo,24973_Lidlfr_promo,24973,http://www.Lidl.fr/fr/plantes-fleurs.htm,,,,
24982_Lidlfr_promo_2682_14499,Nos promos/Plantes & fleurs,L'unité au choix,Rosier grimpant en motte,24982_Lidlfr_promo,Le 21/02,24982_Lidlfr_promo_2682,148,<strong class="price pricebutton" style="                color:#f05660;            "> € 2.49  L'unité au choix  Le 21/02,3,2.49,14499,03E5F0C008F26E6B209811FEBC2316B5,Rosier grimpant en motte,86D7837C3F98FA7640609ECD0F491D9F,18/02/2015 13:53:35,€,AE42410D096ABB1F14DCF9859D5D37E3,E945A4E090CD71ACBF4CFCC6FF54AD9C,86,2682,24982_Lidlfr_promo_2682_14499,Lidl.fr_promo,24982_Lidlfr_promo,24982,http://www.Lidl.fr/fr/plantes-fleurs.htm,,,,
24986_Lidlfr_promo_2682_14499,Nos promos/Plantes & fleurs,L'unité,Narcisses,24986_Lidlfr_promo,Le 23/02,24986_Lidlfr_promo_2682,148,<strong class="price pricebutton" style="                color:#f05660;            "> € 1.29  L'unité  Le 23/02,4,1.29,14499,DF9E31B12B1B5DE2420B0EFD2017E97D,Narcisses,360A99794722BEF7117DC09D59600DE4,18/02/2015 13:53:36,€,7B8ABD77F02648D4792F9CBCA5150377,77B1AE6BE955316D7234F2BC5A409CDD,86,2682,24986_Lidlfr_promo_2682_14499,Lidl.fr_promo,24986_Lidlfr_promo,24986,http://www.Lidl.fr/fr/plantes-fleurs.htm,,,,
24991_Lidlfr_promo_2682_14499,Nos promos/Bonnes affaires,L'unité ou le set au choix,Jeu,24991_Lidlfr_promo,,24991_Lidlfr_promo_2682,149,<small class="specialdesc" style="                background-color: #1f4fb8;            ">19/02 - 19/02  <strong class="price pricebutton" style="                color:#1f4fb8;            "> € 10.99    L'unité ou le set au choix,3,10.99,14499,5DDEF9ECF60D11AED4EFE02018C54709,Jeu,1683779BD0254BA08F3F7BAD723084D1,18/02/2015 13:53:39,€,29BFBDE69FDB1300B2DC82FD63F58C8E,4B23F8DC9EB4ED500A662E396908D39B,86,2682,24991_Lidlfr_promo_2682_14499,Lidl.fr_promo,24991_Lidlfr_promo,24991,http://www.Lidl.fr/fr/bonnes-affaires.htm,,19/02 - 19/02,,
24993_Lidlfr_promo_2682_14499,Nos promos/Bonnes affaires,L'unité ou le set au choix,Jouets d'extérieur,24993_Lidlfr_promo,,24993_Lidlfr_promo_2682,149,<small class="specialdesc" style="                background-color: #1f4fb8;            ">19/02 - 19/02  <strong class="price pricebutton" style="                color:#1f4fb8;            "> € 1.99    L'unité ou le set au choix,5,1.99,14499,B1103BFC1D454B41E8837ABA503F452E,Jouets d'extérieur,E027941100C692F83E79EE68CE4B8A68,18/02/2015 13:53:40,€,17AC047AA27A74572C830005658E3C76,ECC8647B514CB6AE769B6AF99410A092,86,2682,24993_Lidlfr_promo_2682_14499,Lidl.fr_promo,24993_Lidlfr_promo,24993,http://www.Lidl.fr/fr/bonnes-affaires.htm,,19/02 - 19/02,,
